013399527 LDR   L 00000nam#a2200000#c#4500
013399527 001   L AC13665767
013399527 003   L AT-OBV
013399527 005   L 20170419150100.0
013399527 007   L tu
013399527 008   L 170404|1630####xxk###########|||#|#eng#u
013399527 009   L AC13665767
013399527 026   L $$eFEI-Fingerprint: m-at e.se t.le frTA 3 1630A
013399527 035   L $$a(DE-599)OBVAC13665767
013399527 040   L $$aONB$$bger$$dRDA$$erda
013399527 041   L $$aeng
013399527 044   L $$cXA-GB
013399527 084   L $$a44.00$$2bkl
013399527 084   L $$a44.90$$2bkl
013399527 1000  L $$aA. T.$$4aut
013399527 24010 L $$a<<A>> rich storehouse
013399527 24500 L $$a<<A>> Rjch Storehovse, Or Treasvrie For The Diseased$$bWherein Are Many Approved Medicines for diuers and sundry Diseases ...$$cFirst set forth for the benefit and comfort of the poorer sort of people … By G.W.
013399527 24633 L $$aTreasurie for the diseased
013399527 24633 L $$a<<A>> rich storehouse, or treasurie for the diseased
013399527 24630 L $$aBeispiel 6AD.08 | Beziehungskennzeichnung für George Wateson = Elementname aus RDA Anhang I.2.2 | RDA 2.3.6 Abweichende Titel: 1. Alternativtitel ; 2. Vollständiger Titel in normalisierter Form | RDA 2.8.6 Späteres Erscheinungsdatum nur in einer Anmerkung zur Veröffentlichungsangabe | Drucker und Buchhändler grammatikalisch verbunden und somit in einer Angabe erfasst und nach RDA 2.8.1.1 als Verlag behandelt | Druckermarken und Verlagssignets sind kein illustrierender Inhalt im Sinne von RDA 7.15.1.1; auf das Vorhandensein sollte in der Anmerkung zur Veröffentlichungsangabe hingewiesen werden
013399527 250   L $$aAnd now seuenthly augmented and inlarged by A.T. Practitioner in Physicke and Chirurgerie
013399527 264 1 L $$aLondon$$bPrinted by Richard Badger, for Philemon Stephens and Christopher Meredith$$c1630
013399527 300   L $$a24 ungezählte Seiten, 317 Seiten, 1 ungezählte Seite$$c4°
013399527 336   L $$btxt
013399527 337   L $$bn
013399527 338   L $$bnc
013399527 500   L $$aFrühere Ausgaben sind A.T. als Verfasser zugeschrieben, G.W. ist als Bearbeiter genannt. G.W. ermittelt: George Wateson (Quellen: LCAuth, ESTC)
013399527 500   L $$aVorlageform der Veröffentlichungsangabe: London, Printed by Richard Badger, for Philemon Stephens and Christopher Meredith, and are to be sold at the signe of the golden Lion in Pauls Church-yard. 1630. - Erscheinungsjahr im Kolophon: 1631. Mit Druckermarke (Holzschnitt)
013399527 68900 L $$aMedizin$$Ds$$0(DE-588)4038243-6
013399527 68901 L $$aRatgeber$$Af
013399527 6890  L $$5AT-OBV$$5ONBSRD
013399527 68910 L $$aGesundheit$$Ds$$0(DE-588)4020754-7
013399527 68911 L $$aLebensführung$$Ds$$0(DE-588)4034864-7
013399527 68912 L $$aRatgeber$$Af
013399527 6891  L $$5AT-OBV$$5ONBSRD
013399527 68920 L $$aInfektionskrankheit$$Ds$$0(DE-588)4026879-2
013399527 68921 L $$aPrävention$$Ds$$0(DE-588)4076308-0
013399527 68922 L $$aTherapie$$Ds$$0(DE-588)4059798-2
013399527 68923 L $$aRatgeber$$Af
013399527 6892  L $$5AT-OBV$$5ONBSRD
013399527 68930 L $$aMedizin$$Ds$$0(DE-588)4038243-6
013399527 68931 L $$aHausmittel$$Ds$$0(DE-588)4023788-6
013399527 68932 L $$aRatgeber$$Af
013399527 6893  L $$5AT-OBV$$5ONBSRD
013399527 68940 L $$aEngland$$Dg$$0(DE-588)4014770-8
013399527 68941 L $$aMedizin$$Ds$$0(DE-588)4038243-6
013399527 68942 L $$aRatgeber$$Ds$$0(DE-588)4048476-2
013399527 68943 L $$aGeschichte 1630$$Az
013399527 68944 L $$aQuelle$$Af
013399527 6894  L $$5AT-OBV$$5ONBSRD
013399527 7001  L $$aWateson, George$$0(DE-588)129554960$$4ctb
013399527 7001  L $$aBadger, Richard$$d1585-1641$$0(DE-588)103757446X$$4prt
013399527 7001  L $$aStephens, Philemon$$4pbl
013399527 7001  L $$aMeredith, Christopher$$4pbl
013399527 751   L $$aLondon$$0(DE-588)4074335-4$$4mfp$$2gnd
013399527 8564  L $$uhttps://wiki.dnb.de/download/attachments/122262367/Modul_6_AD_08_T.pdf?version=1&modificationDate=1481034177000&api=v2$$zwiki dnb Vorlage 6AD.08
013399527 9700  L $$aRDA-Beispiel
013399527 9701  L $$c34
013399527 9740s L $$F030$$Aa|1urr|||||17
013399527 9740s L $$F050$$Aa|a|||||||||||
013399527 9740s L $$F051$$Am|||||||
013399527 9740s L $$V580$$aESTC S107712
013399527 CAT   L $$aONBKFE$$b20$$c20170404$$lACC01$$h1019
013399527 CAT   L $$aONBKFE$$b20$$c20170404$$lACC01$$h1031
013399527 CAT   L $$aONBKFE$$b20$$c20170404$$lACC01$$h1057
013399527 CAT   L $$aONBKFE$$b20$$c20170404$$lACC01$$h1440
013399527 CAT   L $$aONBSRD$$b20$$c20170411$$lACC01$$h1242
013399527 CAT   L $$aRDAKAT$$b90$$c20170419$$lACC01$$h1501
