009105033 LDR   L 00000ncm#a2200000#c#4500
009105033 001   L AC09073719
009105033 003   L AT-OBV
009105033 005   L 20170606131300.0
009105033 007   L qu
009105033 008   L 120607|1902####xx#uu|##############zxx#u
009105033 009   L AC09073719
009105033 02852 L $$aEdition Breitkopf 3355
009105033 02822 L $$aE.B. 3355
009105033 035   L $$a(DE-599)OBVAC09073719
009105033 040   L $$aONB$$bger$$cONB-MUS-Retro$$dRDA$$erda
009105033 041   L $$azxx
009105033 044   L $$cXA-DXDE
009105033 1001  L $$aBach, Johann Sebastian$$d1685-1750$$0(DE-588)11850553X$$4cmp
009105033 24010 L $$aPräludium und Fuge$$mOrgel$$nBWV 532$$rD-Dur$$0(DE-588)300010567$$oarrangiert
009105033 24500 L $$aPräludium und Fuge D Dur für die Orgel$$cJoh. Seb. Bach ; zum Konzertvortrage für Pianoforte zu zwei Händen bearbeitet von F.B. Busoni
009105033 24630 L $$aBeispiel 6M.03.11 | Musikdruck | Noten | Einzelne Einheit | normierter Sucheinstieg für die Expression (RDA 6.28.3) | Arrangement | Arrangeur (RDA I.3.1) | Besetzung für musikalischen Inhalt (RDA 7.21)
009105033 264 1 L $$aLeipzig$$bBreitkopf & Härtel$$c[1902]
009105033 264 4 L $$c© 1902
009105033 300   L $$a1 Partitur (16 Seiten)
009105033 336   L $$bntm
009105033 337   L $$bn
009105033 338   L $$bnc
009105033 382   L $$aKlavier$$0(DE-588)4030982-4
009105033 382   L $$s1
009105033 500   L $$aFür Klavier
009105033 655 7 L $$aPartitur$$0(DE-588)4173447-6$$2gnd-music
009105033 7001  L $$aBusoni, Ferruccio$$d1866-1924$$0(DE-588)118518011$$4arr
009105033 8564  L $$uhttps://wiki.dnb.de/download/attachments/108533610/Modul_6_M_03_11_T.pdf$$zVorlage
009105033 8564  L $$uhttp://katzoom.onb.ac.at/cgi-bin/katadmin/mus/mdnview.pl?katalog=1&kz=1&start=0004562$$zZettel$$oKatalogkarte
009105033 9700  L $$aRDA-Beispiel
009105033 9701  L $$c57
009105033 9740s L $$V029$$aMZ00104562
009105033 9740s L $$F030$$Aa|1urr|||||17
009105033 9740s L $$F050$$Aa|a|||||||||||
009105033 9740s L $$F051$$Amm||||||
009105033 CAT   L $$aBATCH$$b20$$c20120611$$lACC01$$h1906
009105033 CAT   L $$aONBBBI2$$b20$$c20120711$$lACC01$$h1209
009105033 CAT   L $$aRDAKAT$$b90$$c20160712$$lACC01$$h0943
009105033 CAT   L $$aBATCH-UPD$$b90$$c20160712$$lACC01$$h0944
009105033 CAT   L $$aRDAKAT$$b90$$c20160713$$lACC01$$h1515
009105033 CAT   L $$aBATCH-UPD$$b90$$c20160713$$lACC01$$h1515
009105033 CAT   L $$aRDAKAT$$b90$$c20170606$$lACC01$$h1242
009105033 CAT   L $$aBATCH-UPD$$b90$$c20170606$$lACC01$$h1242
009105033 CAT   L $$aRDAKAT$$b90$$c20170606$$lACC01$$h1243
009105033 CAT   L $$aBATCH-UPD$$b90$$c20170606$$lACC01$$h1243
009105033 CAT   L $$aRDAKAT$$b90$$c20170606$$lACC01$$h1313
009105033 CAT   L $$aBATCH-UPD$$b90$$c20170606$$lACC01$$h1313
