013441567 LDR   L 00000nam#a2200000#c#4500
013441567 001   L AC13695976
013441567 003   L AT-OBV
013441567 005   L 20170511153300.0
013441567 007   L tu
013441567 008   L 170509|1678####xx############|||#|#ger#u
013441567 009   L AC13695976
013441567 0247  L $$aVD17 1:067022L$$2vd17
013441567 026   L $$eFEI-Fingerprint: iess esas itn, Gnde 7 1678A
013441567 035   L $$a(DE-599)OBVAC13695976
013441567 040   L $$aONB$$bger$$dRDA$$erda$$evd17
013441567 041   L $$ager
013441567 044   L $$cXA-DXDE
013441567 084   L $$a11.00$$2bkl
013441567 084   L $$a11.55$$2bkl
013441567 1001  L $$aBaxter, Richard$$d1615-1691$$0(DE-588)118657666$$4aut
013441567 24010 L $$aNow or never
013441567 24500 L $$aRichard Baxters Nun oder Niemahls$$bAuß dem Engelischen ins Teutsche übersetzt
013441567 24633 L $$aNun oder Niemahls
013441567 24633 L $$aRichard Baxters Nun oder Niemals
013441567 24633 L $$aNun oder Niemals
013441567 24630 L $$aBeispiel 6AD.12 | RDA 2.4 Verantwortlichkeitsangabe hier als Titelzusatz behandelt, da keine Person, ... genannt ist und die Übertragung nicht beeinträchtigt wird|RDA 3.4.5.5 Irreführende Zählung |Kupferstecher alternativ nach RDA I.4.1: 677 egr, für 100er Kat. nicht möglich
013441567 264 1 L $$aHamburg$$bIn Verlegung Christian Guths/Buchhändlers$$cAnno 1678
013441567 300   L $$a380, das heißt 396 Seiten$$b1 Illustration$$c12°
013441567 336   L $$btxt
013441567 337   L $$bn
013441567 338   L $$bnc
013441567 500   L $$aBibliographischer Nachweis: GK 13.8864
013441567 500   L $$aPaginierfehler: Seite 91-96 und Seite 177-186 doppelt. - Signaturformel: A-Q12, R6
013441567 500   L $$aDie Illustration ist ein Kupfertitel
013441567 500   L $$aHieronymus von Hensbergen ist Stecher des Kupfertitels
013441567 68900 L $$aChristliche Existenz$$Ds$$0(DE-588)4069996-1
013441567 68901 L $$aLebensführung$$Ds$$0(DE-588)4034864-7
013441567 6890  L $$5AT-OBV$$5ONBSRD
013441567 68910 L $$aUmkehr$$Ds$$0(DE-588)4129606-0
013441567 6891  L $$5AT-OBV$$5ONBSRD
013441567 68920 L $$aPuritanismus$$Ds$$0(DE-588)4047878-6
013441567 68921 L $$aReligiöse Literatur$$Ds$$0(DE-588)4130394-5
013441567 68922 L $$aGeschichte 1662$$Az
013441567 68923 L $$aQuelle$$Af
013441567 6892  L $$5AT-OBV$$5ONBSRD
013441567 7001  L $$aHensbergen, Hieronymus <<von>>$$0(DE-588)131467107$$4ill
013441567 7001  L $$aGuth, Christian$$0(DE-588)1037531604$$4pbl
013441567 7001  L $$aHensbergen, Hieronymus <<von>>$$0(DE-588)131467107$$4egr
013441567 8564  L $$uhttps://wiki.dnb.de/download/attachments/122262367/Modul_6_AD_12_T.pdf?version=1&modificationDate=1481034177000&api=v2$$zwiki dnb Vorlage 6AD.12
013441567 9700  L $$aRDA-Beispiel
013441567 9701  L $$c06
013441567 9740s L $$F030$$Aa|1urr|||||17
013441567 9740s L $$F050$$Aa|a|||||||||||
013441567 9740s L $$F051$$Am|||||||
013441567 CAT   L $$aONBKFE$$b20$$c20170509$$lACC01$$h1219
013441567 CAT   L $$aONBKFE$$b20$$c20170509$$lACC01$$h1324
013441567 CAT   L $$aONBKFE$$b20$$c20170509$$lACC01$$h1339
013441567 CAT   L $$aONBSRD$$b20$$c20170510$$lACC01$$h0919
013441567 CAT   L $$aRDAKAT$$b90$$c20170511$$lACC01$$h1533
