012332514 LDR   L 00000ncm#a2200000#c#4500
012332514 001   L AC12635473
012332514 003   L AT-OBV
012332514 005   L 20170818095800.0
012332514 007   L qu
012332514 008   L 150921|2013####gw#uu|##############ger#u
012332514 009   L AC12635473
012332514 0242  L $$a9790201890425
012332514 0243  L $$a9790201890425
012332514 02852 L $$aHN 9042
012332514 035   L $$a(DE-599)OBVAC12635473
012332514 040   L $$aUMW$$bger$$dRDA$$erda
012332514 041   L $$ager$$aeng$$afre
012332514 044   L $$cXA-DE
012332514 1001  L $$aBeethoven, Ludwig <<van>>$$d1770-1827$$0(DE-588)118508288$$4cmp
012332514 24010 L $$aOuvertüre zum Trauerspiel "Coriolan"$$0(DE-588)30001502X
012332514 24500 L $$aOuvertüre zu "Coriolan"$$bopus 62$$cBeethoven ; herausgegeben von Hans-Werner Küthen
012332514 24633 L $$aOuvertüre zu Heinrich Joseph v. Collins Trauerspiel "Coriolan"
012332514 24630 L $$aBeispiel 6M.03.03 | Musikdruck | Noten | Einzelne Einheit | Musikwerk mit spezifischem Werktitel | Abweichender Titel (RDA 2.3.6) | Anmerkung zum Titel (RDA 2.17.2) | Anmerkung zur Sprache des Inhalts (RDA 7.12)
012332514 250   L $$aUrtext
012332514 264 1 L $$aMünchen$$bG. Henle Verlag München$$c[2013]
012332514 264 4 L $$c© 2013
012332514 300   L $$a1 Studienpartitur (XII, 24 Seiten)
012332514 336   L $$bntm
012332514 337   L $$bn
012332514 338   L $$bnc
012332514 4900  L $$aStudien-Edition
012332514 500   L $$aAbweichender Titel ist Kopftitel
012332514 546   L $$aVorwort in Deutsch, Englisch und Französisch
012332514 655 7 L $$aStudienpartitur$$0(DE-588)1071332406$$2gnd-music
012332514 7001  L $$aKüthen, Hans-Werner$$d1938-$$0(DE-588)103997083$$4edt
012332514 856   L $$uhttps://wiki.dnb.de/download/attachments/108533610/Modul_6_M_03_03_T.pdf$$vVorlage
012332514 9700  L $$aRDA-Beispiel
012332514 9701  L $$c57
012332514 9740s L $$F030$$Aa|1ur||||||17
012332514 9740s L $$F050$$Aa|a|||||||||||
012332514 9740s L $$F051$$Amm||||||
012332514 CAT   L $$aUMWCHR$$b20$$c20150921$$lACC01$$h1155
012332514 CAT   L $$aUMWKRO$$b20$$c20150924$$lACC01$$h1352
012332514 CAT   L $$aUMWKRO$$b20$$c20150924$$lACC01$$h1400
012332514 CAT   L $$aUMWCHR$$b20$$c20150928$$lACC01$$h0853
012332514 CAT   L $$aUMWCHR$$b20$$c20160713$$lACC01$$h1625
012332514 CAT   L $$aRDAKAT$$b90$$c20160713$$lACC01$$h1627
012332514 CAT   L $$aRDAKAT$$b90$$c20160713$$lACC01$$h1627
012332514 CAT   L $$aRDAKAT$$b90$$c20161207$$lACC01$$h0830
012332514 CAT   L $$aRDAKAT$$b90$$c20170307$$lACC01$$h1131
012332514 CAT   L $$aRDAKAT$$b90$$c20170307$$lACC01$$h1131
012332514 CAT   L $$aRDAKAT$$b90$$c20170606$$lACC01$$h1255
012332514 CAT   L $$aRDAKAT$$b90$$c20170606$$lACC01$$h1320
012332514 CAT   L $$aRDAKAT$$b90$$c20170818$$lACC01$$h0958
