011551447 LDR   L 00000ncm#a2200000#ca4500
011551447 001   L AC11660435
011551447 003   L AT-OBV
011551447 005   L 20170823105700.0
011551447 007   L qu
011551447 008   L 140512|20132013au#uu|##############ger#u
011551447 009   L AC11660435
011551447 015   L $$aMP2013 7, 10, 12, 13$$2oeb
011551447 020   L $$a9783850557566
011551447 0242  L $$a9790500573777
011551447 0241  L $$a800522003141
011551447 02852 L $$aUT 50400
011551447 035   L $$a(DE-599)BSZ399091181
011551447 040   L $$aUMW$$bger$$dRDA$$erda
011551447 041   L $$ager$$aeng$$afre
011551447 044   L $$cXA-AT
011551447 1001  L $$aBeethoven, Ludwig <<van>>$$d1770-1827$$0(DE-588)118508288$$4cmp
011551447 24010 L $$aSonaten$$mHorn$$mKlavier$$nop. 17$$rF-Dur$$0(DE-588)300016476
011551447 24500 L $$aSonate für Horn oder Violoncello und Klavier$$b = Sonata for horn or violoncello and piano = Sonate pour cor ou violoncelle et piano$$cLudwig van Beethoven ; nach den Quellen herausgegeben von Christiane Wiesenfeldt ; mit einem Vorwort von Jochen Reutter ; Einrichtung der Violoncellostimme Heinrich Schiff ; Fingersätze (Klavier) und Hinweise zur Interpretation von Christian Ubber
011551447 24631 L $$aSonata for horn or violoncello and piano
011551447 24631 L $$aSonate pour cor ou violoncelle et piano
011551447 24630 L $$aBeispiel 6M.03.07 | Musikdruck | Noten | Mehrteilige Monografie | Umfassende Beschreibung | Abgrenzung Musik-Bestellnummer von Reihenzählung (D-A-CH AWR für 2.15.2) | Mitwirkende mit mehreren Beziehungskennzeichnungen
011551447 250   L $$aErste Auflage
011551447 264 1 L $$aWien$$bWiener Urtext Edition, Schott/Universal Edition$$c[2013]
011551447 264 4 L $$c© 2013
011551447 300   L $$a1 Partitur (26 Seiten), 2 Stimmen
011551447 336   L $$bntm
011551447 337   L $$bn
011551447 338   L $$bnc
011551447 546   L $$aVorwort und Anmerkungen in Deutsch, Französisch und Englisch
011551447 650 4 L $$aZwei - Horn, Klavier / Duo, Sonate
011551447 650 4 L $$aZwei - Violoncello, Klavier / Duo, Sonate
011551447 655 7 L $$aPartitur$$0(DE-588)4173447-6$$2gnd-music
011551447 655 7 L $$aStimme, Musikalische Ausgabeform$$0(DE-588)1071380443$$2gnd-music
011551447 7001  L $$aWiesenfeldt, Christiane$$d1972-$$0(DE-588)131578103$$4edt
011551447 7001  L $$aReutter, Jochen$$d1958-$$0(DE-588)134947649$$4wpr
011551447 7001  L $$aSchiff, Heinrich$$d1951-2016$$0(DE-588)124867227$$4ctb
011551447 7001  L $$aUbber, Christian$$0(DE-588)123990807$$4ctb$$4wat
011551447 856   L $$uhttps://wiki.dnb.de/download/attachments/108533610/Modul_6_M_03_07_T.pdf$$vVorlage
011551447 9700  L $$aRDA-Beispiel
011551447 9701  L $$c57
011551447 9704  L $$bBVBKAT
011551447 9740s L $$F030$$Aa|1urr|||||17
011551447 9740s L $$F050$$Aa|a|||||||||||
011551447 9740s L $$F051$$Anm||||||
011551447 9740s L $$V580$$aMP2013 7, 10, 12, 13
011551447 CAT   L $$aUMWCHR$$b20$$c20140512$$lACC01$$h1552
011551447 CAT   L $$aONBBEZ$$b20$$c20140710$$lACC01$$h1522
011551447 CAT   L $$aUBWU24$$b20$$c20141113$$lACC01$$h1227
011551447 CAT   L $$aUMWCHR$$b20$$c20150921$$lACC01$$h1256
011551447 CAT   L $$aUMWCHR$$b20$$c20150921$$lACC01$$h1256
011551447 CAT   L $$aBATCH-UPD$$b20$$c20160205$$lACC01$$h2108
011551447 CAT   L $$aRDAKAT$$b90$$c20160714$$lACC01$$h1548
011551447 CAT   L $$aBATCH-UPD$$b90$$c20170106$$lACC01$$h2100
011551447 CAT   L $$aBATCH-UPD$$b90$$c20170704$$lACC01$$h0424
011551447 CAT   L $$aRDAKAT$$b90$$c20170823$$lACC01$$h1057
