013439006 LDR   L 00000nmm#a2200000#cb4500
013439006 001   L AC13694067
013439006 003   L AT-OBV
013439006 005   L 20170508110200.0
013439006 007   L co#|||||||||||
013439006 008   L 170508|2005####gw#######m#|########ger#u
013439006 009   L AC13694067
013439006 020   L $$a3884767283
013439006 035   L $$a(DE-599)OBVAC13694067
013439006 040   L $$aRDA$$bger$$erda
013439006 041   L $$ager
013439006 044   L $$cXA-DE
013439006 1001  L $$aBerg, Christine$$4aut
013439006 24500 L $$aAnalyse und Elizitierung syntagmatischer wortfeldbezogener Daten am Beispiel der englischen und deutschen Verben des Denkens und Meinens$$cChristine Berg
013439006 24630 L $$aBeispiel 3.04 | Monografie | Einzelne Einheit | Stücktitel | TUT |CD-ROM | Spezifischer Datenträgertyp (D-A-CH AWR für 3.3.1.3) | PDF | Textdatei | Bevorzugte Informationsquelle PDF-Textdatei (RDA 2.2.2.2.) | Umfangsangabe CD-ROM (D-A-CH AWR für 3.4.1.3) | Kodierungsformat (RDA 3.19.3) | Hochschulschrift (D-A-CH AWR für 7.2.1.3) | Hochschulschriftenvermerk (RDA 7.9 und D-A-CH AWR für 7.9) | Diplomarbeit | Verlagsausgabe | Zusammenfassung des Inhalts (RDA 7.10)
013439006 264 1 L $$aTrier$$bWissenschaftlicher Verlag Trier$$c2005
013439006 300   L $$a1 CD-ROM (70 Seiten)$$bDiagramme$$c12 cm
013439006 336   L $$btxt
013439006 337   L $$bc
013439006 338   L $$bcd
013439006 347   L $$aTextdatei$$bPDF
013439006 4901  L $$aLighthouse unlimited$$v51
013439006 502   L $$bDiplomarbeit$$cUniversität Heidelberg$$d2004
013439006 5203  L $$aUntersuchung zur übersetzungsbezogenen Kollokationsforschung, die am Institut für Übersetzen und Dolmetschen der Universität Heidelberg durchgeführt wurde. Ausgewählte syntagmatische Lexemkombinationen zu bestehenden, wissenschaftlich gesicherten Wortfeldstrukturen werden elizitiert und auf ihr Funktionalisierungspotential für die Übersetzungspraxis und -forschung hin ausgewertet.
013439006 655 7 L $$aHochschulschrift$$0(DE-588)4113937-9$$2gnd-content
013439006 655 7 L $$aCD-ROM$$0(DE-588)4139307-7$$2gnd-carrier
013439006 830 0 L $$w(AT-OBV)AC04141867$$v51$$9O:1
013439006 8564  L $$uhttps://wiki.dnb.de/download/attachments/106041499/Modul_3_04_T.pdf$$zVorlage
013439006 9700  L $$aRDA-Beispiel
013439006 9701  L $$c15
013439006 9740s L $$F030$$Aa|1urr|||||17
013439006 9740s L $$F050$$A||||||||d||001
013439006 9740s L $$F051$$Asu||||||
013439006 CAT   L $$aRDAKAT$$b90$$c20170508$$lACC01$$h1020
013439006 CAT   L $$aRDAKAT$$b90$$c20170508$$lACC01$$h1051
013439006 CAT   L $$aRDAKAT$$b90$$c20170508$$lACC01$$h1058
013439006 CAT   L $$aRDAKAT$$b90$$c20170508$$lACC01$$h1101
013439006 CAT   L $$aRDAKAT$$b90$$c20170508$$lACC01$$h1102
