013646089 LDR   L 00000ncm#a2200000#c#4500
013646089 001   L AC13771412
013646089 003   L AT-OBV
013646089 005   L 20170818104800.0
013646089 007   L qu
013646089 008   L 170818|1990####xxuuu|##############fre#u
013646089 009   L AC13771412
013646089 02852 L $$aK 06094
013646089 035   L $$a(DE-599)OBVAC13771412
013646089 040   L $$aUMW$$bger$$dRDA$$erda
013646089 041   L $$afre$$ager$$aeng
013646089 044   L $$cXD-US
013646089 1001  L $$aBerlioz, Hector$$d1803-1869$$0(DE-588)118509675$$4cmp$$4lbt
013646089 24010 L $$aLélio$$0(DE-588)300019300
013646089 24500 L $$aLelio or The return to life$$ba lyric monodrama : opus 14b : for two tenors and baritone soli, chorus and orchestra : with French, German, English and Italian text = Lelio oder Die Rückkehr ins Leben : lyrisches Monodrama = Lelio ou Le retour à la vie : monodrama lyrique$$cHector Berlioz ; deutsche Übersetzung von Peter Cornelius, revidiert von Felix Weingartner
013646089 24631 L $$aLelio oder Die Rückkehr ins Leben : lyrisches Monodrama
013646089 24631 L $$aLelio ou Le retour à la vie : monodrama lyrique
013646089 24630 L $$aBeispiel 6M.03.04 | Musikdruck | Noten | Einzelne Einheit | Musikwerk mit spezifischem Werktitel | Abweichender Titel (RDA 2.3.6) | Parallele Ausgabebezeichnung (RDA 2.5.3) | Anmerkung zur Sprache des Inhalts (RDA 7.12) | Anmerkung zur Veröffentlichungsangabe (RDA 2.17.7) | Mehrere Inhaltstypen (RDA 6.9)
013646089 250   L $$aChorus score = Klavierauszug / von Philipp Scharwenka
013646089 264 1 L $$aMiami, FL$$bCPP Belwin, Inc.$$c[1990?]
013646089 300   L $$a1 Klavierauszug (99 Seiten)
013646089 336   L $$bntm
013646089 336   L $$btxt
013646089 337   L $$bn
013646089 338   L $$bnc
013646089 500   L $$aFrüherer Verlag: Kalmus
013646089 546   L $$aText französisch, deutsch und englisch (italienische Version nicht enthalten)
013646089 655 7 L $$aKlavierauszug$$0(DE-588)4164058-5$$2gnd-music
013646089 7001  L $$aScharwenka, Philipp$$d1847-1917$$0(DE-588)117110418$$4arr
013646089 7001  L $$aCornelius, Peter$$d1824-1874$$0(DE-588)118522213$$4trl
013646089 7001  L $$aWeingartner, Felix$$d1863-1942$$0(DE-588)11863027X$$4trl
013646089 8564  L $$uhttps://wiki.dnb.de/download/attachments/108533610/Modul_6_M_03_04_T.pdf$$zVorlage
013646089 9700  L $$aRDA-Beispiel
013646089 9701  L $$c57
013646089 9740s L $$F030$$Aa|1urr|||||17
013646089 9740s L $$F050$$Aa|a|||||||||||
013646089 9740s L $$F051$$Amm||||||
013646089 CAT   L $$aUMWCHR$$b20$$c20170818$$lACC01$$h0942
013646089 CAT   L $$aUMWCHR$$b20$$c20170818$$lACC01$$h0943
013646089 CAT   L $$aUMWCHR$$b20$$c20170818$$lACC01$$h0943
013646089 CAT   L $$aRDAKAT$$b90$$c20170818$$lACC01$$h0944
013646089 CAT   L $$aRDAKAT$$b90$$c20170818$$lACC01$$h0958
013646089 CAT   L $$aRDAKAT$$b90$$c20170818$$lACC01$$h1031
013646089 CAT   L $$aRDAKAT$$b90$$c20170818$$lACC01$$h1048
