012072501 LDR   L 00000cam#a2200000#cb4500
012072501 001   L AC12187907
012072501 003   L AT-OBV
012072501 005   L 20170831174500.0
012072501 007   L tu
012072501 008   L 150219|2014####gw#######m####|||#|#ger#u
012072501 009   L AC12187907
012072501 015   L $$z14,N14$$2dnb
012072501 015   L $$a14,A46$$2dnb
012072501 015   L $$a14,H12$$2dnb
012072501 015   L $$aOeBC$$2oeb
012072501 0167  L $$a1049258029$$2DE-101b
012072501 020   L $$a9783945094006$$ckart. : EUR 29.95 (DE), EUR 30.78 (AT), sfr 36.84 (freier Pr.)
012072501 035   L $$a(DE-599)DNB1049258029
012072501 040   L $$aONB$$bger$$cDNB$$dRDA$$erda
012072501 041   L $$ager
012072501 044   L $$cXA-DE
012072501 08274 L $$a833.92$$qDE-101$$222/ger
012072501 084   L $$a18.10$$2bkl
012072501 084   L $$a17.94$$2bkl
012072501 084   L $$a17.91$$2bkl
012072501 08904 L $$a833.92$$c833$$eDDC22ger
012072501 1001  L $$aBodemer-Stachelski, Saskia$$0(DE-588)1049763106$$4aut
012072501 24500 L $$aBestsellermarketing$$bErfolgsfaktoren auf dem literarischen Markt der Gegenwart : Süskind - Schlink - Kehlmann$$cSaskia Bodemer
012072501 24630 L $$aBeispiel 3.25 | Monografie | Einzelne Einheit | Stücktitel | TUT | Hochschulschrift (D-A-CH AWR für 7.2.1.3) | Hochschulschriftenvermerk (RDA 7.9 und D-A-CH AWR für 7.9) | Dissertation | Verlagsausgabe |
012072501 250   L $$a1. Auflage
012072501 264 1 L $$aStuttgart$$bConvensis Publishing$$cMärz 2014
012072501 300   L $$a493 Seiten$$bIllustrationen
012072501 336   L $$btxt
012072501 337   L $$bn
012072501 338   L $$bnc
012072501 4901  L $$aReihe Geisteswissenschaften$$vBand 1
012072501 502   L $$bDissertation$$cUniversität Stuttgart$$d2013
012072501 655 7 L $$aHochschulschrift$$0(DE-588)4113937-9$$2gnd-content
012072501 68900 L $$aSüskind, Patrick$$d1949-$$t<<Das>> Parfum$$Dp$$0(DE-588)4221044-6
012072501 68901 L $$aSchlink, Bernhard$$d1944-$$t<<Der>> Vorleser$$Dp$$0(DE-588)4535518-6
012072501 68902 L $$aKehlmann, Daniel$$d1975-$$t<<Die>> Vermessung der Welt$$Dp$$0(DE-588)7598282-1
012072501 6890  L $$5AT-OBV$$5DNB
012072501 830 0 L $$w(AT-OBV)AC12374813$$v1$$9O:1
012072501 8564  L $$uhttps://wiki.dnb.de/download/attachments/106041499/Modul_3_25_T.pdf?version=3&modificationDate=1443442100000&api=v2$$zwiki dnb Vorlage 3.25
012072501 85642 L $$mB:DE-101$$qapplication/pdf$$uhttp://d-nb.info/1049258029/04$$xDNB-TOC$$3Inhaltsverzeichnis$$oOBV-EDOC-DNBTOC
012072501 9700  L $$aRDA-Beispiel
012072501 9701  L $$c15
012072501 9740s L $$F030$$Aa||dr||||||17
012072501 9740s L $$F050$$Aa|a|||||||||||
012072501 9740s L $$F051$$Asu||||||
012072501 CAT   L $$aONBSUS$$b20$$c20150219$$lACC01$$h0928
012072501 CAT   L $$aBATCH-UPD$$b20$$c20150219$$lACC01$$h1945
012072501 CAT   L $$aONBSIK$$b20$$c20150706$$lACC01$$h1109
012072501 CAT   L $$aONBSIK$$b20$$c20150706$$lACC01$$h1200
012072501 CAT   L $$aONBTIU$$b20$$c20150817$$lACC01$$h1736
012072501 CAT   L $$aUBIPAR$$b20$$c20170323$$lACC01$$h1148
012072501 CAT   L $$aBATCH-UPD$$b20$$c20170505$$lACC01$$h0830
012072501 CAT   L $$aKOOPKAT$$b20$$c20170505$$lACC01$$h0830
012072501 CAT   L $$aOAWMUS$$b20$$c20170505$$lACC01$$h0838
012072501 CAT   L $$aRDAKAT$$b90$$c20170509$$lACC01$$h1346
012072501 CAT   L $$aRDAKAT$$b90$$c20170602$$lACC01$$h1139
012072501 CAT   L $$aBATCH-UPD$$b90$$c20170831$$lACC01$$h1745
