013003063 LDR   L 00000ncm#a2200000#c#4500
013003063 001   L AC13269442
013003063 003   L AT-OBV
013003063 005   L 20170606125700.0
013003063 007   L qu
013003063 008   L 160713|1979####gw#uu|##############lat#u
013003063 009   L AC13269442
013003063 02852 L $$aCV 40.701
013003063 035   L $$a(DE-599)OBVAC13269442
013003063 040   L $$aRDA$$bger$$dRDA$$erda
013003063 041   L $$alat$$ager
013003063 044   L $$cXA-DE
013003063 1001  L $$aBrahms, Johannes$$d1833-1897$$0(DE-588)118514253$$4cmp
013003063 24010 L $$aGeistliche Chöre$$0(DE-588)300025211
013003063 24500 L $$aDrei geistliche Chöre$$cJohannes Brahms, 1833-1897 ; Herausgeber: Günter Graulich ; deutsche Textunterlegung: Paul Horn
013003063 24630 L $$aBeispiel 6M.03.01 | Musikdruck | Noten | Einzelne Einheit | Bevorzugte Informationsquelle des Haupttitels (RDA 2.2.2.2) | Anmerkung zum Titel (RDA (RDA 2.17.2) | Strukturierte Beschreibung der in Beziehung stehenden Manifestation (RDA 27.1)
013003063 264 1 L $$aStuttgart$$bCarus-Verlag$$c[1979]
013003063 264 4 L $$c© 1979
013003063 300   L $$a1 Partitur (8 Seiten)
013003063 336   L $$bntm
013003063 337   L $$bn
013003063 338   L $$bnc
013003063 500   L $$aKopftitel
013003063 50580 L $$tO bone Jesu
013003063 50580 L $$tAdoramus te
013003063 50580 L $$tRegina coeli
013003063 546   L $$aText lateinisch und deutsch
013003063 655 7 L $$aPartitur$$0(DE-588)4173447-6$$2gnd-music
013003063 7001  L $$aGraulich, Günter$$d1926-$$0(DE-588)124947689$$4edt
013003063 7001  L $$aHorn, Paul$$d1922-2016$$0(DE-588)134410815$$4trl
013003063 8564  L $$uhttps://wiki.dnb.de/download/attachments/108533610/Modul_6_M_03_01_T.pdf$$zVorlage
013003063 9700  L $$aRDA-Beispiel
013003063 9701  L $$c57
013003063 9740s L $$F030$$Aa|1urr|||||17
013003063 9740s L $$F050$$Aa|a|||||||||||
013003063 9740s L $$F051$$Amm||||||
013003063 CAT   L $$aRDAKAT$$b90$$c20160713$$lACC01$$h1534
013003063 CAT   L $$aRDAKAT$$b90$$c20160713$$lACC01$$h1534
013003063 CAT   L $$aRDAKAT$$b90$$c20160713$$lACC01$$h1626
013003063 CAT   L $$aBATCH-UPD$$b90$$c20161210$$lACC01$$h0238
013003063 CAT   L $$aRDAKAT$$b90$$c20170606$$lACC01$$h1257
