008115815 LDR   L 00000ngm#a2200000#c#4500
008115815 001   L AC08158996
008115815 003   L AT-OBV
008115815 005   L 20170904012600.0
008115815 007   L co#|||||||||||
008115815 007   L vd#||||||
008115815 008   L 100705|2009####gw#|||#b##########||ger#u
008115815 009   L AC08158996
008115815 0243  L $$a5051890006141
008115815 02852 L $$a1000103436
008115815 035   L $$a(DE-599)OBVAC08158996
008115815 040   L $$aUBS$$bger$$dRDA$$erda
008115815 041   L $$ager
008115815 044   L $$cXA-DE
008115815 090   L $$ib
008115815 1300  L $$aBuddenbrooks$$gFilm$$f2008$$0(DE-588)7635649-8
008115815 24500 L $$aBuddenbrooks$$cein Film von Heinrich Breloer ; Armin Mueller-Stahl, Jessica Schwarz, August Diehl, Mark Waschke, Iris Berben
008115815 24630 L $$aBeispiel 3.38 | Monografie | Einzelne Einheit | DVD-Video (D-A-CH AWR für 3.4.1.3) | Film | Ergänzungen zu Sucheinstiegen, die Werke repräsentieren (D-A-CH AWR für 6.27.1.9)
008115815 264 1 L $$aHamburg$$bWarner Bros Entertainment GmbH$$c[2009]
008115815 264 4 L $$c© 2009
008115815 300   L $$a1 DVD-Video (circa 145 min): Ton, farbig$$c12 cm
008115815 336   L $$btdi
008115815 337   L $$bv
008115815 338   L $$bvd
008115815 344   L $$hDolby digital 5.1
008115815 347   L $$aVideodatei$$bDVD-Video$$eRegion 2
008115815 500   L $$aSpecials: Making-of (14 min); Bericht über die Weltpremiere in Essen; Trailer
008115815 500   L $$aBreitbild (2,35:1)
008115815 5218  L $$aFSK ab 6 freigegeben
008115815 546   L $$aUntertitel für Hörgeschädigte auf Deutsch
008115815 655 7 L $$aFiktionale Darstellung$$0(DE-588)1071854844$$2gnd-content
008115815 655 7 L $$aDVD-Video$$0(DE-588)4585125-6$$2gnd-carrier
008115815 68900 L $$aLübeck$$Dg$$0(DE-588)4036483-5
008115815 68901 L $$aKaufmann$$Ds$$0(DE-588)4128272-3
008115815 68902 L $$aFamilie$$Ds$$0(DE-588)4016397-0
008115815 68903 L $$aGeschichte 1835-1877$$Az
008115815 6890  L $$5AT-OBV$$5DDB
008115815 7001  L $$aBreloer, Heinrich$$d1942-$$0(DE-588)115388818$$4aus$$4fmd
008115815 7001  L $$aMueller-Stahl, Armin$$d1930-$$0(DE-588)118971190$$4act
008115815 7001  L $$aSchwarz, Jessica$$d1977-$$0(DE-588)131579142$$4act
008115815 7001  L $$aDiehl, August$$d1976-$$0(DE-588)12905691X$$4act
008115815 7001  L $$aWaschke, Mark$$d1972-$$0(DE-588)141784636$$4act
008115815 7001  L $$aBerben, Iris$$d1950-$$0(DE-588)128792949$$4act
008115815 78708 L $$iFilmbearbeitung von$$tMann, Thomas, 1875-1955. Buddenbrooks
008115815 8564  L $$uhttps://wiki.dnb.de/download/attachments/106041499/Modul_3_38_T.pdf?version=1&modificationDate=1453819323000&api=v2$$zVorlage
008115815 9700  L $$aRDA-Beispiel
008115815 9701  L $$c48
008115815 9740s L $$F030$$Aa|1urr|||||37
008115815 9740s L $$F050$$A|||||cd|d||001
008115815 9740s L $$F051$$Am||||||1
008115815 9740u L $$V903$$a231456
008115815 CAT   L $$aUBSSUE$$b20$$c20100705$$lACC01$$h1504
008115815 CAT   L $$aUBSSUE$$b20$$c20100705$$lACC01$$h1505
008115815 CAT   L $$aUBKFRI$$b20$$c20100728$$lACC01$$h1334
008115815 CAT   L $$aLBOORT$$b20$$c20100824$$lACC01$$h2045
008115815 CAT   L $$aLBOMAG$$b20$$c20101124$$lACC01$$h1207
008115815 CAT   L $$aOBVSYS1$$b20$$c20101214$$lACC01$$h1340
008115815 CAT   L $$aBATCH$$b20$$c20101214$$lACC01$$h1708
008115815 CAT   L $$aBATCH-UPD$$b20$$c20120512$$lACC01$$h0229
008115815 CAT   L $$aLBOLIN$$b20$$c20121107$$lACC01$$h1128
008115815 CAT   L $$aUBGFHL$$b20$$c20141216$$lACC01$$h1016
008115815 CAT   L $$aUBGFHL$$b20$$c20141216$$lACC01$$h1018
008115815 CAT   L $$aUBGFHL$$b20$$c20141216$$lACC01$$h1019
008115815 CAT   L $$aUMWCHR$$b20$$c20160523$$lACC01$$h1509
008115815 CAT   L $$aUMWCHR$$b20$$c20160523$$lACC01$$h1510
008115815 CAT   L $$aUMWCHR$$b20$$c20160523$$lACC01$$h1512
008115815 CAT   L $$aBATCH-UPD$$b20$$c20160523$$lACC01$$h1544
008115815 CAT   L $$aUMWCHR$$b20$$c20160524$$lACC01$$h0912
008115815 CAT   L $$aRDAKAT$$b90$$c20160711$$lACC01$$h0950
008115815 CAT   L $$aRDAKAT$$b90$$c20160713$$lACC01$$h1514
008115815 CAT   L $$aRDAKAT$$b90$$c20161213$$lACC01$$h1336
008115815 CAT   L $$aRDAKAT$$b90$$c20170602$$lACC01$$h1354
008115815 CAT   L $$aBATCH-UPD$$b90$$c20170704$$lACC01$$h0109
008115815 CAT   L $$aBATCH-UPD$$b90$$c20170904$$lACC01$$h0126
