011940743 LDR   L 00000nam#a2200000#ca4500
011940743 001   L AC12093928
011940743 003   L AT-OBV
011940743 005   L 20170704044800.0
011940743 007   L tu
011940743 008   L 141111|20142014gw############|||#|#ger#u
011940743 009   L AC12093928
011940743 035   L $$a(DE-599)BVBBV042120866
011940743 040   L $$aUBW$$bger$$dRDA$$erda
011940743 041   L $$ager
011940743 044   L $$cXA-DE
011940743 084   L $$a18.13$$2bkl
011940743 084   L $$a17.70$$2bkl
011940743 084   L $$a17.75$$2bkl
011940743 084   L $$aGU 14100$$2rvk
011940743 090   L $$fb
011940743 24500 L $$aGrundkurs Literatur aus Flandern und den Niederlanden$$cJohanna Bundschuh-van Duikeren, Lut Missinne, Jan Konst (Hg.)
011940743 24630 L $$aBeispiel 5A.01.05 | Mehrteilige Monografie | Mehrbändiges Werk | TAT |Teile einer monografischen Reihe | Gesamttitelangabe | Springende Zählung (D-A-CH AWR für 2.12.9.3) | Copyright-Datum (RDA 2.11)
011940743 264 1 L $$aBerlin$$bLIT$$c[2014]
011940743 336   L $$btxt
011940743 337   L $$bn
011940743 338   L $$bnc
011940743 4901  L $$aStudienbücher zu Sprache, Literatur und Kultur in Flandern und den Niederlanden$$vBand 1-2
011940743 68900 L $$aNiederländisch$$Ds$$0(DE-588)4122614-8
011940743 68901 L $$aFlämisch$$Ds$$0(DE-588)4120181-4
011940743 68902 L $$aLiteratur$$Ds$$0(DE-588)4035964-5
011940743 68903 L $$aGeschichte$$Az
011940743 6890  L $$5AT-OBV$$5ONBHEK
011940743 7001  L $$aBundschuh-van Duikeren, Johanna$$d1979-$$0(DE-588)1058271024$$4edt
011940743 7001  L $$aMissinne, Lut$$d1960-$$0(DE-588)173059589$$4edt
011940743 7001  L $$aKonst, Jan$$d1963-$$0(DE-588)129016586$$4edt
011940743 830 0 L $$w(AT-OBV)AC12131989$$v...$$9O:1
011940743 8564  L $$uhttps://wiki.dnb.de/download/attachments/106041499/Modul_5A_01_05_T.pdf?version=1&modificationDate=1430731609000&api=v2$$zwiki dnb Vorlage 5A.01.05
011940743 9700  L $$aRDA-Beispiel
011940743 9701  L $$c21
011940743 9704  L $$bBVBKAT
011940743 9740s L $$F030$$Aaz1drr|||||37
011940743 9740s L $$F050$$Aa|||||||||||||
011940743 9740s L $$F051$$At|||||||
011940743 9740u L $$V080$$a05
011940743 CAT   L $$aUBWE09$$b20$$c20141111$$lACC01$$h1021
011940743 CAT   L $$aBATCH-UPD$$b20$$c20141111$$lACC01$$h1022
011940743 CAT   L $$aUBWU05$$b20$$c20141217$$lACC01$$h0952
011940743 CAT   L $$aBATCH-UPD$$b20$$c20141220$$lACC01$$h0004
011940743 CAT   L $$aBATCH-UPD$$b20$$c20150116$$lACC01$$h2127
011940743 CAT   L $$aBATCH-UPD$$b20$$c20150321$$lACC01$$h0850
011940743 CAT   L $$aONBCEN$$b20$$c20150326$$lACC01$$h1111
011940743 CAT   L $$aONBHEK$$b20$$c20150713$$lACC01$$h1528
011940743 CAT   L $$aMULDSK$$b20$$c20160113$$lACC01$$h1418
011940743 CAT   L $$aMULDSK$$b20$$c20160113$$lACC01$$h1431
011940743 CAT   L $$aOAWMUS$$b20$$c20170505$$lACC01$$h0949
011940743 CAT   L $$aRDAKAT$$b90$$c20170509$$lACC01$$h1350
011940743 CAT   L $$aRDAKAT$$b90$$c20170509$$lACC01$$h1352
011940743 CAT   L $$aRDAKAT$$b90$$c20170509$$lACC01$$h1355
011940743 CAT   L $$aRDAKAT$$b90$$c20170602$$lACC01$$h1140
011940743 CAT   L $$aBATCH-UPD$$b90$$c20170704$$lACC01$$h0448
