013255382 LDR   L 00000nam#a2200000#c#4500
013255382 001   L AC13461526
013255382 003   L AT-OBV
013255382 005   L 20170403161600.0
013255382 007   L tu
013255382 008   L 170222|1579####xx############|||#|#ger#u
013255382 009   L AC13461526
013255382 0247  L $$aVD16 C 2179$$2vd16
013255382 026   L $$eFEI-Fingerprint: innd mbn- 2.4. dewi 3 1579R
013255382 035   L $$a(DE-599)OBVAC13461526
013255382 040   L $$aONB$$bger$$dRDA$$erda$$evd16
013255382 041   L $$ager
013255382 044   L $$cXA-DXDE
013255382 084   L $$a11.70$$2bkl
013255382 084   L $$a11.55$$2bkl
013255382 1001  L $$aChemnitz, Martin$$d1522-1586$$0(DE-588)118829157$$4aut
013255382 24010 L $$a<<Die>> fürnemsten Heuptstück der christlichen Lehre
013255382 24500 L $$aHandbüchlein Der Fürnemsten Heuptstücke der Christlichen Lehre$$bdurch Frag vnd Antwort aus Gottes Wort einfeltig vnd gründlich erkleret. Anfenglich gestellt zum vnterricht der Pastorn in der Visitation des Fürstenthumbs Braunschweig
013255382 24633 L $$aHandbüchlein der vornehmsten Hauptstücke der christlichen Lehre
013255382 24630 L $$aBeispiel 6AD.02 | Ausgabevermerk mit Verantwortlichkeitsangabe (RDA 2.5.1.1)| Virgel antfällt am Ende (RDA 1.7.3 Ausnahme) | Erscheinungsort mit Präposition (RDA 2.8.2) | Irreführende Seitenzählung (RDA 3.4.5.5)
013255382 250   L $$aJetzundt von newem vberlesen vnd gebessert. Durch Martinum Chemnicium D.
013255382 264 1 L $$aGedruckt zu Magdeburg$$bIn verlegung Johan Francken$$cAono M.D.LXXIX
013255382 300   L $$a16 ungezählte Seiten, 345, das heißt 350 Seiten$$c8°
013255382 336   L $$btxt
013255382 337   L $$bn
013255382 338   L $$bnc
013255382 500   L $$aTitelblatt in Rot- und Schwarzdruck
013255382 500   L $$aVorlageform der Veröffentlichungsangabe: Gedruckt zu Magdeburg/ In verlegung Johan Francken. Aono M.D.LXXIX." Druckfehler: "Aono"
013255382 500   L $$aPaginierfehler: Seite 155 ausgelassen (Seite 156 Rectoseite), auf Seite 350 (Rectoseite) folgt verso Seite 345
013255382 68900 L $$aProtestantismus$$Ds$$0(DE-588)4047538-4
013255382 68901 L $$aPastoraltheologie$$Ds$$0(DE-588)4075925-8
013255382 68902 L $$aGeschichte 1579$$Az
013255382 68903 L $$aQuelle$$Af
013255382 6890  L $$5AT-OBV$$5ONBSRD
013255382 68910 L $$aHerzogtum Braunschweig-Lüneburg$$Dg$$0(DE-588)17444-0
013255382 68911 L $$aPfarrer$$Ds$$0(DE-588)4132592-8
013255382 68912 L $$aVisitation$$Ds$$0(DE-588)4132571-0
013255382 68913 L $$aPrüfung$$Ds$$0(DE-588)4047609-1
013255382 68914 L $$aHandbuch$$Ds$$0(DE-588)4158977-4
013255382 68915 L $$aQuelle$$Af
013255382 6891  L $$5AT-OBV$$5ONBSRD
013255382 7001  L $$aFrancke, Johann$$d16. Jh.$$0(DE-588)1089530382$$4pbl
013255382 751   L $$aMagdeburg$$0(DE-588)4036934-1$$4pup$$2gnd
013255382 8564  L $$uhttps://wiki.dnb.de/download/attachments/122262367/Modul_6_AD_02_T.pdf?version=1&modificationDate=1483968293000&api=v2$$zwiki dnb Vorlage 6AD.02
013255382 9700  L $$aRDA-Beispiel
013255382 9701  L $$c06
013255382 9740s L $$F030$$Aa|1urr|||||17
013255382 9740s L $$F050$$Aa|a|||||||||||
013255382 9740s L $$F051$$Am|||||||
013255382 CAT   L $$aONBKFE$$b20$$c20170222$$lACC01$$h1609
013255382 CAT   L $$aONBKFE$$b20$$c20170222$$lACC01$$h1640
013255382 CAT   L $$aONBKFE$$b20$$c20170301$$lACC01$$h1527
013255382 CAT   L $$aONBSRD$$b20$$c20170303$$lACC01$$h1201
013255382 CAT   L $$aRDAKAT$$b90$$c20170316$$lACC01$$h1641
013255382 CAT   L $$aRDAKAT$$b90$$c20170320$$lACC01$$h1240
013255382 CAT   L $$aRDAKAT$$b90$$c20170320$$lACC01$$h1642
013255382 CAT   L $$aRDAKAT$$b90$$c20170403$$lACC01$$h1519
013255382 CAT   L $$aRDAKAT$$b90$$c20170403$$lACC01$$h1616
