013194492 LDR   L 00000nam#a2200000#c#4500
013194492 001   L AC13424472
013194492 003   L AT-OBV
013194492 005   L 20170825013200.0
013194492 007   L tu
013194492 008   L 170117|2010####fr############|||#|#fre#u
013194492 009   L AC13424472
013194492 020   L $$a9782856082430
013194492 035   L $$a(DE-599)OBVAC13424472
013194492 040   L $$aRDA$$bger$$dRDA$$erda
013194492 041   L $$afre$$aeng$$ager
013194492 044   L $$cXA-FR
013194492 1001  L $$aDalla-Zuanna, Jean-Marc$$d1964-$$0(DE-588)142286702$$4com
013194492 24500 L $$aDictionnaire de l'électroménager et des meubles de cuisine$$bfrançais - anglais - allemand = Dictionary of kitchen appliances and kitchen cabinetry : French - English - German = Wörterbuch der Küchengeräte und Küchenmöbel : Französisch - Englisch - Deutsch$$cpar/by/von Jean-Marc Dalla-Zuanna
013194492 24631 L $$aDictionary of kitchen appliances and kitchen cabinetry : French - English - German
013194492 24631 L $$aWörterbuch der Küchengeräte und Küchenmöbel : Französisch - Englisch - Deutsch
013194492 24633 L $$aDictionnaire trilingue de l'électroménager et des meubles de cuisine
013194492 24630 L $$aBeispiel 3.29 | Monografie | Einzelne Einheit | Wörterbuch | Paralleltitel (RDA 2.3.3.3) | Parallele Titelzusätze (RDA 2.3.5) | Mehrsprachige Verantwortlichkeitsangabe (D-A-CH AWR für 2.4.3.3) (Alternativ RDA 2.4.2.4) | Ergänzender Inhalt (RDA 7.16) | Copyright-Datum (RDA 2.11) | Abweichender Titel am Umschlag (RDA 2.3.6.1)
013194492 264 1 L $$aParis$$bLa Maison du dictionnaire$$c[2010]
013194492 264 4 L $$c© 2010
013194492 300   L $$aIX, 180 Seiten
013194492 336   L $$btxt
013194492 337   L $$bn
013194492 338   L $$bnc
013194492 500   L $$aDie Seiten 173-180 sind für eigene Notizen vorgesehen
013194492 500   L $$aEnthält Register für Französisch, Englisch und Deutsch
013194492 655 7 L $$aMehrsprachiges Wörterbuch$$0(DE-588)4491366-7$$2gnd-content
013194492 8564  L $$uhttps://wiki.dnb.de/download/attachments/106041499/Modul_3_29_T.pdf?version=3&modificationDate=1437483451000&api=v2$$zwiki dnb Vorlage 3.29
013194492 9700  L $$aRDA-Beispiel
013194492 9740s L $$F030$$Aa|1urr|||||17
013194492 9740s L $$F050$$Aa|a|||||||||||
013194492 9740s L $$F051$$Am|||||||
013194492 CAT   L $$aRDAKAT$$b90$$c20170117$$lACC01$$h0848
013194492 CAT   L $$aRDAKAT$$b90$$c20170117$$lACC01$$h0904
013194492 CAT   L $$aRDAKAT$$b90$$c20170117$$lACC01$$h0910
013194492 CAT   L $$aRDAKAT$$b90$$c20170316$$lACC01$$h1648
013194492 CAT   L $$aRDAKAT$$b90$$c20170320$$lACC01$$h1259
013194492 CAT   L $$aRDAKAT$$b90$$c20170529$$lACC01$$h0851
013194492 CAT   L $$aBATCH-UPD$$b90$$c20170704$$lACC01$$h0604
013194492 CAT   L $$aRDAKAT$$b90$$c20170808$$lACC01$$h1033
013194492 CAT   L $$aBATCH-UPD$$b90$$c20170825$$lACC01$$h0132
