008058367 LDR   L 00000nam#a2200000#c#4500
008058367 001   L AC08118862
008058367 003   L AT-OBV
008058367 005   L 20161213134400.0
008058367 007   L tu
008058367 008   L 100601|2010####gw############|1|#u#ger#u
008058367 009   L AC08118862
008058367 015   L $$z10,N08$$2dnb
008058367 015   L $$a10,A12$$2dnb
008058367 0167  L $$a1000249026$$2DE-101b
008058367 020   L $$a9783531157597$$cPp. : EUR 59.95, sfr 102.00 (freier Pr.)
008058367 035   L $$a(DE-599)DNB1000249026
008058367 040   L $$aONB$$bger$$cDNB$$dRDA$$erda
008058367 041   L $$ager$$aeng
008058367 044   L $$cXA-DE
008058367 08274 L $$a070.4$$qDE-101$$222/ger
008058367 084   L $$a05.30$$2bkl
008058367 084   L $$a05.31$$2bkl
008058367 084   L $$aAP 11700$$2rvk$$9O: Automatisch aus BVB_2012-06 2013-06-12
008058367 084   L $$aAP 21700$$2rvk$$9O: Automatisch aus BVB_2012-06 2013-06-12
008058367 084   L $$aAP 24000$$2rvk$$9O: Automatisch aus BVB_2012-06 2013-06-12
008058367 08904 L $$a070.4$$c070.4$$eDDC22ger
008058367 090   L $$ab$$hh
008058367 24500 L $$aJournalismus und Öffentlichkeit$$beine Profession und ihr gesellschaftlicher Auftrag : Festschrift für Horst Pöttker$$cTobias Eberwein, Daniel Müller (Hrsg.)
008058367 24630 L $$aBeispiel 3.39 | Monografie | Einzelne Einheit | Festschrift (D-A-CH AWR für 7.2.1.3) | Gefeierte Person | Gefeierter
008058367 250   L $$a1. Auflage
008058367 264 1 L $$aWiesbaden$$bVS Verlag für Sozialwissenschaften$$c2010
008058367 300   L $$a558 Seiten$$bDiagramme$$c24 cm
008058367 336   L $$btxt
008058367 337   L $$bn
008058367 338   L $$bnc
008058367 500   L $$aSchriftenverzeichnis von Horst Pöttker Seite 517-532
008058367 546   L $$aBeiträge teilweise deutsch, teilweise englisch
008058367 655 7 L $$aFestschrift$$0(DE-588)4016928-5$$2gnd-content
008058367 655 7 L $$aAufsatzsammlung$$0(DE-588)4143413-4$$2gnd-content
008058367 655 7 L $$aBibliografie$$0(DE-588)4006432-3$$2gnd-content
008058367 68900 L $$aJournalismus$$Ds$$0(DE-588)4028779-8
008058367 68901 L $$aÖffentlichkeit$$Ds$$0(DE-588)4043183-6
008058367 6890  L $$5AT-OBV$$5DDB
008058367 68910 L $$aPöttker, Horst$$d1944-$$Dp$$0(DE-588)108953394
008058367 6891  L $$5AT-OBV$$5DDB
008058367 7001  L $$aEberwein, Tobias$$d1978-$$0(DE-588)138851786$$4edt
008058367 7001  L $$aMüller, Daniel$$4edt
008058367 7001  L $$aPöttker, Horst$$d1944-$$0(DE-588)108953394$$4hnr
008058367 8564  L $$uhttps://wiki.dnb.de/download/attachments/108529043/Modul_3_39_T_20160126.pptx?version=4&modificationDate=1464077234156&api=v2$$zVorlage
008058367 85642 L $$uhttp://d-nb.info/1000249026/04$$xDNB-TOC$$3Inhaltsverzeichnis$$oOBV-EDOC-DNBTOC
008058367 9700  L $$aRDA-Beispiel
008058367 9701  L $$c02
008058367 9740s L $$F030$$Aa|1urr|||||37
008058367 9740s L $$F050$$Aa|b|||||||||||
008058367 9740s L $$F051$$Amf||z|||
008058367 9740u L $$V903$$a213
008058367 CAT   L $$aONBSUS$$b20$$c20100601$$lACC01$$h0839
008058367 CAT   L $$aBATCH-UPD$$b20$$c20100601$$lACC01$$h0839
008058367 CAT   L $$aONBANA$$b20$$c20100707$$lACC01$$h1322
008058367 CAT   L $$aONBBAD$$b20$$c20100802$$lACC01$$h1352
008058367 CAT   L $$aBATCH$$b20$$c20101022$$lACC01$$h2150
008058367 CAT   L $$aBATCH-UPD$$b20$$c20110823$$lACC01$$h2023
008058367 CAT   L $$aBATCH-UPD$$b20$$c20110823$$lACC01$$h2110
008058367 CAT   L $$aBATCH-UPD$$b20$$c20120512$$lACC01$$h0223
008058367 CAT   L $$aKOOPKAT$$b20$$c20130412$$lACC01$$h1845
008058367 CAT   L $$aBATCH-UPD$$b20$$c20130412$$lACC01$$h2136
008058367 CAT   L $$aBATCH-UPD$$b20$$c20130612$$lACC01$$h1737
008058367 CAT   L $$aRDAKAT$$b90$$c20160511$$lACC01$$h1025
008058367 CAT   L $$aRDAKAT$$b90$$c20160511$$lACC01$$h1026
008058367 CAT   L $$aRDAKAT$$b90$$c20160511$$lACC01$$h1029
008058367 CAT   L $$aRDAKAT$$b90$$c20160511$$lACC01$$h1032
008058367 CAT   L $$aRDAKAT$$b90$$c20160520$$lACC01$$h1031
008058367 CAT   L $$aRDAKAT$$b90$$c20160524$$lACC01$$h0918
008058367 CAT   L $$aRDAKAT$$b90$$c20160524$$lACC01$$h0919
008058367 CAT   L $$aRDAKAT$$b90$$c20160524$$lACC01$$h1022
008058367 CAT   L $$aRDAKAT$$b90$$c20160524$$lACC01$$h1025
008058367 CAT   L $$aRDAKAT$$b90$$c20161213$$lACC01$$h1344
