011901278 LDR   L 00000nam#a2200000#cc4500
011901278 001   L AC12054768
011901278 003   L AT-OBV
011901278 005   L 20170704044400.0
011901278 007   L tu
011901278 008   L 141013|2014####gw############|||#|#ger#u
011901278 009   L AC12054768
011901278 020   L $$a9783506725721
011901278 035   L $$a(DE-599)OBVAC12054768
011901278 040   L $$aUBK$$bger$$dRDA$$erda
011901278 041   L $$ager
011901278 044   L $$cXA-DE
011901278 1001  L $$aFlitner, Wilhelm$$d1889-1990$$0(DE-588)118533991$$4aut$$9O:H
011901278 24500 L $$aGesammelte Schriften$$nBand 12$$pNachlese$$n2. Teilband$$p / besorgt von Ulrich Herrmann$$cWilhelm Flitner ; in Verbindung mit Walter Eisermann [und sieben weiteren] herausgegeben von Karl Erlinghagen, Andreas Flitner, Ulrich Herrmann
011901278 24630 L $$aMehrteilige Monografie | Aufnahme für einen Teil mit abhängigem Titel - TAT
011901278 264 1 L $$aPaderborn$$bFerdinand Schöningh$$c[2014]
011901278 300   L $$aIX Seiten, Seite 591-1158
011901278 336   L $$btxt
011901278 337   L $$bn
011901278 338   L $$bnc
011901278 500   L $$aTitelzusatz zu Band 12, Nachlese: Biographisches, Erwachsenenbildung und Volkshochschule, Pädagogische Positionen und Impulse, Würdigungen, Nachkriegszeit, Philosophische Reflexionen und Kulturphilosophie
011901278 7001  L $$aHerrmann, Ulrich$$d1939-$$0(DE-588)123020891$$4edt
011901278 7001  L $$aErlinghagen, Karl$$d1913-2003$$0(DE-588)122134095$$4edt$$9O:H
011901278 77308 L $$w(AT-OBV)AC00070654$$q12,2
011901278 8564  L $$uhttps://wiki.dnb.de/download/attachments/106041499/Modul_5A_01_20_T.pdf$$zVorlage
011901278 9700  L $$aRDA-Beispiel
011901278 9701  L $$c07
011901278 9740s L $$F030$$Aa|1urr|||||||
011901278 9740s L $$F050$$Aa|a|||||||||||
011901278 9740s L $$F051$$A||||||||
011901278 CAT   L $$aUBWC04$$b20$$c20141013$$lACC01$$h1219
011901278 CAT   L $$aUBGRAI$$b20$$c20141118$$lACC01$$h0801
011901278 CAT   L $$aUBKBLU$$b20$$c20150204$$lACC01$$h0850
011901278 CAT   L $$aRDAKAT$$b90$$c20170120$$lACC01$$h1420
011901278 CAT   L $$aRDAKAT$$b90$$c20170120$$lACC01$$h1429
011901278 CAT   L $$aBATCH-UPD$$b90$$c20170704$$lACC01$$h0444
