011901261 LDR   L 00000nam#a2200000#cc4500
011901261 001   L AC12054750
011901261 003   L AT-OBV
011901261 005   L 20170704044400.0
011901261 007   L tu
011901261 008   L 141013|2014####gw############|||#|#ger#u
011901261 009   L AC12054750
011901261 020   L $$a9783506725721
011901261 035   L $$a(DE-599)OBVAC12054750
011901261 040   L $$aUBK$$bger$$dRDA$$erda
011901261 041   L $$ager
011901261 044   L $$cXA-DE
011901261 1001  L $$aFlitner, Wilhelm$$d1889-1990$$0(DE-588)118533991$$4aut$$9O:H
011901261 24500 L $$aGesammelte Schriften$$nBand 12$$pNachlese$$n1. Teilband$$p / besorgt von Ulrich Herrmann$$cWilhelm Flitner ; in Verbindung mit Walter Eisermann [und sieben weiteren] herausgegeben von Karl Erlinghagen, Andreas Flitner, Ulrich Herrmann
011901261 24630 L $$aMehrteilige Monografie | Aufnahme für einen Teil mit abhängigem Titel - TAT
011901261 264 1 L $$aPaderborn$$bFerdinand Schöningh$$c[2014]
011901261 300   L $$a587 Seiten
011901261 336   L $$btxt
011901261 337   L $$bn
011901261 338   L $$bnc
011901261 500   L $$aTitelzusatz zu Band 12, Nachlese: Biographisches, Erwachsenenbildung und Volkshochschule, Pädagogische Positionen und Impulse, Würdigungen, Nachkriegszeit, Philosophische Reflexionen und Kulturphilosophie
011901261 7001  L $$aHerrmann, Ulrich$$d1939-$$0(DE-588)123020891$$4edt
011901261 7001  L $$aErlinghagen, Karl$$d1913-2003$$0(DE-588)122134095$$4edt$$9O:H
011901261 77308 L $$w(AT-OBV)AC00070654$$q12,1
011901261 8564  L $$uhttps://wiki.dnb.de/download/attachments/106041499/Modul_5A_01_20_T.pdf$$zVorlage
011901261 9700  L $$aRDA-Beispiel
011901261 9701  L $$c07
011901261 9740s L $$F030$$Aa|1urr|||||||
011901261 9740s L $$F050$$Aa|a|||||||||||
011901261 9740s L $$F051$$A||||||||
011901261 CAT   L $$aUBWC04$$b20$$c20141013$$lACC01$$h1214
011901261 CAT   L $$aUBGRAI$$b20$$c20141118$$lACC01$$h0800
011901261 CAT   L $$aUBKBLU$$b20$$c20150204$$lACC01$$h0848
011901261 CAT   L $$aRDAKAT$$b90$$c20170120$$lACC01$$h1419
011901261 CAT   L $$aRDAKAT$$b90$$c20170120$$lACC01$$h1429
011901261 CAT   L $$aBATCH-UPD$$b90$$c20170704$$lACC01$$h0444
