001627071 LDR   L 00000nam#a2200000#ca4500
001627071 001   L AC00070654
001627071 003   L AT-OBV
001627071 005   L 20170624120000.0
001627071 007   L tu
001627071 008   L 900202|19822014gw############|||#|#ger#u
001627071 009   L AC00070654
001627071 035   L $$a(DE-599)OBVAC00070654
001627071 040   L $$aUBW$$bger$$dRDA$$erda
001627071 041   L $$ager
001627071 044   L $$cXA-DE
001627071 084   L $$a80.01$$2bkl
001627071 084   L $$aDD 6350$$2rvk
001627071 1001  L $$aFlitner, Wilhelm$$d1889-1990$$0(DE-588)118533991$$4aut
001627071 24010 L $$aWerke
001627071 24500 L $$aGesammelte Schriften$$cWilhelm Flitner ; in Verbindung mit Walter Eisermann [und sieben weiteren] herausgegeben von Karl Erlinghagen, Andreas Flitner, Ulrich Herrmann
001627071 24630 L $$aBeispiel 5A.01.20 | Mehrteilige Monografie | Aufnahme für einen Teil mit abhängigem Titel - TAT
001627071 264 1 L $$aPaderborn$$bFerdinand Schöningh$$c[1982-2014]
001627071 336   L $$btxt
001627071 337   L $$bn
001627071 338   L $$bnc
001627071 7001  L $$aErlinghagen, Karl$$d1913-2003$$0(DE-588)122134095$$4edt
001627071 8564  L $$uhttps://wiki.dnb.de/download/attachments/106041499/Modul_5A_01_20_T.pdf$$zVorlage
001627071 9700  L $$aRDA-Beispiel
001627071 9701  L $$c07
001627071 9740s L $$F030$$Aa|1urr|||||17
001627071 9740s L $$F050$$Aa|a|||||||||||
001627071 9740s L $$F051$$An|||||||
001627071 CAT   L $$aBATCH$$b20$$c19981218$$lACC01$$h0139
001627071 CAT   L $$aUBSEHO$$b20$$c20020717$$lACC01$$h1146
001627071 CAT   L $$aUBSEHO$$b20$$c20020717$$lACC01$$h1149
001627071 CAT   L $$aLBOIPS$$b20$$c20050803$$lACC01$$h0720
001627071 CAT   L $$aOBVSYS1$$b20$$c20101214$$lACC01$$h1340
001627071 CAT   L $$aBATCH$$b20$$c20101214$$lACC01$$h1449
001627071 CAT   L $$aBATCH-UPD$$b20$$c20120511$$lACC01$$h2203
001627071 CAT   L $$aUBWSOB$$b20$$c20141013$$lACC01$$h1236
001627071 CAT   L $$aLBOMAG$$b20$$c20141201$$lACC01$$h1556
001627071 CAT   L $$aUBIRST$$b20$$c20150617$$lACC01$$h0913
001627071 CAT   L $$aUBIRST$$b20$$c20150617$$lACC01$$h0914
001627071 CAT   L $$aHLKFLO$$b20$$c20160602$$lACC01$$h1654
001627071 CAT   L $$aRDAKAT$$b90$$c20170120$$lACC01$$h1416
001627071 CAT   L $$aRDAKAT$$b90$$c20170120$$lACC01$$h1416
001627071 CAT   L $$aRDAKAT$$b90$$c20170316$$lACC01$$h1651
001627071 CAT   L $$aRDAKAT$$b90$$c20170320$$lACC01$$h1257
001627071 CAT   L $$aBATCH-UPD$$b90$$c20170624$$lACC01$$h1200
