007715042 LDR   L 00000nam#a2200000#c#4500
007715042 001   L AC07862715
007715042 003   L AT-OBV
007715042 005   L 20170703035200.0
007715042 007   L tu
007715042 008   L 091105|2010####au#######m####|||#0#ger#u
007715042 009   L AC07862715
007715042 015   L $$aOeB2010,A,04 340$$2oeb
007715042 020   L $$a9783211996478$$ckart. : EUR 109,95 ; CHF 159,50
007715042 0243  L $$a9783211996478
007715042 035   L $$a(DE-599)OBVAC07862715
007715042 040   L $$aUBI$$bger$$dRDA$$erda
007715042 041   L $$ager
007715042 044   L $$cXA-AT
007715042 084   L $$a340$$qDE-101$$2sdnb
007715042 084   L $$a86.68$$2bkl
007715042 084   L $$aPN 981.844$$2rvk
007715042 084   L $$aPS 3600$$2rvk
007715042 084   L $$aZP 3710$$2rvk
007715042 090   L $$hg
007715042 1001  L $$aGrellet, Linus Yves$$d1978-$$0(DE-588)140149031$$4aut
007715042 24010 L $$aRecht im Wind
007715042 24500 L $$aWindenergienutzung in Europa$$brechtliche Fragestellungen rund um die Errichtung und den Betrieb von Windenergieanlagen$$cLinus Yves Grellet
007715042 24630 L $$aBeispiel 3.40 | Monografie | Einzelne Einheit | Buchhandelsausgabe einer Hochschulschrift | Abweichender Titel | Werktitel | Bevorzugter Titel (RDA 6.2) | Hochschulschriftenvermerk (D-A-CH AWR für 7.9)
007715042 264 1 L $$aWien$$aNew York$$bSpringer$$c[2010]
007715042 300   L $$aXXV, 330 Seiten$$bDiagramme$$c24 cm
007715042 336   L $$btxt
007715042 337   L $$bn
007715042 338   L $$bnc
007715042 4900  L $$aSpringer Handbuch
007715042 502   L $$bDissertation$$cUniversität Innsbruck$$d2009
007715042 655 7 L $$aHochschulschrift$$0(DE-588)4113937-9$$2gnd-content
007715042 68900 L $$aEuropa$$Dg$$0(DE-588)4015701-5
007715042 68901 L $$aWindkraftwerk$$Ds$$0(DE-588)4128839-7
007715042 68902 L $$aDezentrale Energieversorgung$$Ds$$0(DE-588)4012002-8
007715042 68903 L $$aEnergiewirtschaftsrecht$$Ds$$0(DE-588)4152243-6
007715042 6890  L $$5AT-OBV$$5UBIRST
007715042 68910 L $$aEuropäische Union$$Db$$0(DE-588)5098525-5
007715042 68911 L $$aWindkraftwerk$$Ds$$0(DE-588)4128839-7
007715042 68912 L $$aDezentrale Energieversorgung$$Ds$$0(DE-588)4012002-8
007715042 68913 L $$aEnergiewirtschaftsrecht$$Ds$$0(DE-588)4152243-6
007715042 68914 L $$aÖsterreich$$Dg$$0(DE-588)4043271-3
007715042 68915 L $$aDeutschland$$Dg$$0(DE-588)4011882-4
007715042 6891  L $$5AT-OBV$$5TUWSDY DDB
007715042 8564  L $$uhttps://wiki.dnb.de/download/attachments/106041499/Modul_3_40_T.pdf$$zVorlage
007715042 9700  L $$aRDA-Beispiel
007715042 9701  L $$c08
007715042 9740s L $$F030$$Aa|1urr|||||17
007715042 9740s L $$F050$$Aa|a|||||||||||
007715042 9740s L $$F051$$Amu||w|||
007715042 9740u L $$V908$$a234156$$a324156$$a432156$$a562341$$a652341
007715042 CAT   L $$aUBIJPF$$b20$$c20091105$$lACC01$$h1458
007715042 CAT   L $$aUBIMST$$b20$$c20091216$$lACC01$$h0948
007715042 CAT   L $$aONBWUM$$b20$$c20091216$$lACC01$$h1538
007715042 CAT   L $$aAKWJENN$$b20$$c20091217$$lACC01$$h1252
007715042 CAT   L $$aWUWW08$$b20$$c20091221$$lACC01$$h0835
007715042 CAT   L $$aUBSRKW$$b20$$c20100107$$lACC01$$h1112
007715042 CAT   L $$aWUWW12$$b20$$c20100115$$lACC01$$h0929
007715042 CAT   L $$aUBWLTZ$$b20$$c20100118$$lACC01$$h1049
007715042 CAT   L $$aONBKLK$$b20$$c20100119$$lACC01$$h1426
007715042 CAT   L $$aONBKED$$b20$$c20100211$$lACC01$$h1153
007715042 CAT   L $$aTUWSDY$$b20$$c20100421$$lACC01$$h1443
007715042 CAT   L $$aWUWW17$$b20$$c20100707$$lACC01$$h0855
007715042 CAT   L $$aBATCH-UPD$$b20$$c20120512$$lACC01$$h0213
007715042 CAT   L $$aWUWW72$$b20$$c20150519$$lACC01$$h0957
007715042 CAT   L $$aRDAKAT$$b90$$c20160511$$lACC01$$h1004
007715042 CAT   L $$aRDAKAT$$b90$$c20160511$$lACC01$$h1031
007715042 CAT   L $$aRDAKAT$$b90$$c20160520$$lACC01$$h1103
007715042 CAT   L $$aRDAKAT$$b90$$c20160520$$lACC01$$h1106
007715042 CAT   L $$aBATCH-UPD$$b90$$c20160528$$lACC01$$h0202
007715042 CAT   L $$aBATCH-UPD$$b90$$c20170703$$lACC01$$h0352
