011905257 LDR   L 00000nam#a2200000#c#4500
011905257 001   L AC12058781
011905257 003   L AT-OBV
011905257 005   L 20170704044500.0
011905257 007   L tu
011905257 008   L 141015|2014####gw############|||#|#ger#u
011905257 009   L AC12058781
011905257 015   L $$a14,N19$$2dnb
011905257 0167  L $$a1050505042$$2DE-101b
011905257 020   L $$a9783421046567$$cGb. : ca. EUR 19.99 (DE), ca. EUR 20.60 (AT), ca. sfr 28.50 (freier Pr.)
011905257 020   L $$a3421046565
011905257 0243  L $$a9783421046567
011905257 035   L $$a(DE-599)DNB1050505042
011905257 040   L $$aUBW$$bger$$cDNB$$dRDA$$erda
011905257 041   L $$ager
011905257 044   L $$cXA-DE-BY
011905257 08274 L $$a940.1$$qDE-101$$222/ger
011905257 084   L $$a940$$qDE-101$$2sdnb
011905257 084   L $$a15.33$$2bkl
011905257 08904 L $$a940.1$$c940.1$$eDDC22ger
011905257 24500 L $$aLeben im Mittelalter$$bder Alltag von Rittern, Mönchen, Bauern und Kaufleuten$$cAnnette Großbongardt und Johannes Saltzwedel (Hg.) ; Sebastian Borger [und 22 weitere]
011905257 24630 L $$aBeispiel 5A.02.06 | Monografie | Einzelne Einheit | Mehrere Herausgeber (RDA 20.2.1.3 und D-A-CH AWR für 20.2.1.3) | Zusammenstellung | Beiträger | Mehrere Verantwortlichkeitsangaben (RDA 2.4.1.6) | Optionale Weglassung (RDA 2.4.1.5) | In Beziehung stehende Manifestation (RDA 27.1 und D-A-CH AWR für 27.1)
011905257 250   L $$a1. Auflage
011905257 264 1 L $$aMünchen$$bDeutsche Verlags-Anstalt$$c[2014]
011905257 300   L $$a272 Seiten$$bIllustrationen$$c22 cm
011905257 336   L $$btxt
011905257 337   L $$bn
011905257 338   L $$bnc
011905257 500   L $$a"Die Texte dieses Buches sind erstmals im gleichnamigen Heft (5/2013) in der Reihe Spiegel Geschichte erschienen"
011905257 68900 L $$aRitter$$Ds$$0(DE-588)4050152-8
011905257 68901 L $$aAlltag$$Ds$$0(DE-588)4001307-8
011905257 68902 L $$aGeschichte 500-1500$$Az
011905257 68903 L $$aAufsatzsammlung$$Af
011905257 6890  L $$5AT-OBV$$5UBWRAH, UBSRS.
011905257 68910 L $$aMönch$$Ds$$0(DE-588)4039902-3
011905257 68911 L $$aAlltag$$Ds$$0(DE-588)4001307-8
011905257 68912 L $$aGeschichte 500-1500$$Az
011905257 68913 L $$aAufsatzsammlung$$Af
011905257 6891  L $$5AT-OBV$$5UBSRS.
011905257 68920 L $$aKaufmann$$Ds$$0(DE-588)4128272-3
011905257 68921 L $$aAlltag$$Ds$$0(DE-588)4001307-8
011905257 68922 L $$aGeschichte 500-1500$$Az
011905257 68923 L $$aAufsatzsammlung$$Af
011905257 6892  L $$5AT-OBV$$5UBSRS.
011905257 68930 L $$aBauer$$Ds$$0(DE-588)4004763-5
011905257 68931 L $$aAlltag$$Ds$$0(DE-588)4001307-8
011905257 68932 L $$aGeschichte 500-1500$$Az
011905257 68933 L $$aAufsatzsammlung$$Af
011905257 6893  L $$5AT-OBV$$5UBSRS.
011905257 7001  L $$aGroßbongardt, Annette$$d1961-$$0(DE-588)136196748$$4edt
011905257 7001  L $$aSaltzwedel, Johannes$$d1962-$$0(DE-588)134184238$$4edt
011905257 7001  L $$aBorger, Sebastian$$d1964-$$0(DE-588)1042356734$$4aut
011905257 8564  L $$uhttps://wiki.dnb.de/download/attachments/106041499/Modul_5A_02_06_T.pdf$$zVorlage
011905257 85642 L $$mX:MVB$$qtext/html$$uhttp://deposit.d-nb.de/cgi-bin/dokserv?id=4651970&prov=M&dok_var=1&dok_ext=htm$$3Inhaltstext
011905257 85642 L $$mV:AT-OBV;B:AT-OeNB$$qapplication/pdf$$uhttp://media.obvsg.at/AC12058781-1003$$xONB$$3Inhaltsverzeichnis$$oOBV-EDOC
011905257 9700  L $$aRDA-Beispiel
011905257 9701  L $$c54
011905257 9740s L $$F030$$Aa|1urr|||||37
011905257 9740s L $$F050$$Aa|a|||||||||||
011905257 9740s L $$F051$$Am|||||||
011905257 CAT   L $$aUBWGEC$$b20$$c20141015$$lACC01$$h0853
011905257 CAT   L $$aONBNIL$$b20$$c20141020$$lACC01$$h1556
011905257 CAT   L $$aONBNIL$$b20$$c20141020$$lACC01$$h1557
011905257 CAT   L $$aUBWRAH$$b20$$c20141031$$lACC01$$h1520
011905257 CAT   L $$aKOOPKAT$$b20$$c20141107$$lACC01$$h2332
011905257 CAT   L $$aBATCH-UPD$$b20$$c20150113$$lACC01$$h2150
011905257 CAT   L $$aUBSRS.$$b20$$c20150204$$lACC01$$h1135
011905257 CAT   L $$aUBSRS.$$b20$$c20150204$$lACC01$$h1136
011905257 CAT   L $$aRDAKAT$$b90$$c20170110$$lACC01$$h1141
011905257 CAT   L $$aRDAKAT$$b90$$c20170110$$lACC01$$h1203
011905257 CAT   L $$aRDAKAT$$b90$$c20170111$$lACC01$$h0827
011905257 CAT   L $$aRDAKAT$$b90$$c20170123$$lACC01$$h0844
011905257 CAT   L $$aBATCH-UPD$$b90$$c20170704$$lACC01$$h0445
