013442742 LDR   L 00000nam#a2200000#c#4500
013442742 001   L AC13697155
013442742 003   L AT-OBV
013442742 005   L 20170511154300.0
013442742 007   L tu
013442742 008   L 170510|1738####xx############|||#|#ger#u
013442742 009   L AC13697155
013442742 0247  L $$aVD18 14597462$$2vd18
013442742 035   L $$a(DE-599)OBVAC13697155
013442742 040   L $$aONB$$bger$$dRDA$$erda$$evd18
013442742 041   L $$ager
013442742 044   L $$cXA-DXDE
013442742 084   L $$a86.00$$2bkl
013442742 084   L $$a86.15$$2bkl
013442742 1001  L $$aGuggenberger, Veit$$0(DE-588)124409083$$4aut
013442742 24010 L $$aAyd-Buech
013442742 24500 L $$aAyd-Buch$$bWarinnen findig/ Was Ayd/ und Aydschwur seyen/ wie man mancherley derselben gefunden/ wie und welchermassen sie sowohl am Kayserl. Cammer-Gericht/ als sonsten im Römischen Reich: in specie aber in Chur-Bayern gebraucht werden/ sambt deme/ was sie nutzen/ auch schaden$$cMit sonderbaren Fleiß zu Gutem der Gerichts-Beambten/ und Wahrnung der Leichtschwörenden. Durch Vitum Guggenberger zusammen getragen/ in Zeit sich selbiger Anno 1697. nach freywilliger Resignier: und Abtretung der Pflegs-Verwaltung Reichertshofen/ in Inglostatt vacierent befunden
013442742 24633 L $$aEidbuch
013442742 24630 L $$aBeispiel 6AD.19 | RDA 6.2.2 Bevorzugter Titel nach der ersten Ausgabe von 1699 (VD17 23:239456L) | RDA 2.3.6.1 Abweichender Titel
013442742 264 1 L $$aMünchen$$bDruckts/ und verlegts Heinrich Theodor von Cölln/ Churfürstl. Hof-Buchdrucker/ und Buchhändler$$c1738
013442742 300   L $$a16 ungezählte Seiten, 354 Seiten, 6 ungezählte Seiten, 2 ungezählte Blätter Bildtafeln$$b2 Illustrationen$$c8°
013442742 336   L $$btxt
013442742 337   L $$bn
013442742 338   L $$bnc
013442742 500   L $$aDie Illustrationen sind Kupferstiche
013442742 68900 L $$aRecht$$Ds$$0(DE-588)4048737-4
013442742 68901 L $$aEid$$Ds$$0(DE-588)4151150-5
013442742 6890  L $$5AT-OBV$$5ONBSRD
013442742 68910 L $$aProzessrecht$$Ds$$0(DE-588)4047593-1
013442742 68911 L $$aEid$$Ds$$0(DE-588)4151150-5
013442742 68912 L $$aGeschichte 1697$$Az
013442742 68913 L $$aQuelle$$Af
013442742 6891  L $$5AT-OBV$$5ONBSRD
013442742 7001  L $$aCoellen, Heinrich Theodor <<von>>$$0(DE-588)1037498178$$4prt
013442742 8564  L $$uhttps://wiki.dnb.de/download/attachments/122262367/Modul_6_AD_19_T.pdf?version=2&modificationDate=1481536337000&api=v2$$zwiki dnb Vorlage 6AD.19
013442742 9700  L $$aRDA-Beispiel
013442742 9740s L $$F030$$Aa|1urr|||||17
013442742 9740s L $$F050$$Aa|a|||||||||||
013442742 9740s L $$F051$$Am|||||||
013442742 CAT   L $$aONBKFE$$b20$$c20170510$$lACC01$$h1137
013442742 CAT   L $$aONBKFE$$b20$$c20170510$$lACC01$$h1145
013442742 CAT   L $$aONBKFE$$b20$$c20170510$$lACC01$$h1147
013442742 CAT   L $$aONBSRD$$b20$$c20170510$$lACC01$$h1157
013442742 CAT   L $$aONBSRD$$b20$$c20170510$$lACC01$$h1158
013442742 CAT   L $$aRDAKAT$$b90$$c20170511$$lACC01$$h1543
