003752327 LDR   L 00000nam#a2200000#c#4500
003752327 001   L AC03763336
003752327 003   L AT-OBV
003752327 005   L 20170825012600.0
003752327 007   L tu
003752327 008   L 030707|2003####gw############|||#|#ger#u
003752327 009   L AC03763336
003752327 015   L $$a03,N19,0008$$2dnb
003752327 020   L $$a9783598116261
003752327 020   L $$a3598116268$$cPb. : EUR 37.10, ca. CHF 51.00
003752327 0243  L $$a9783598116261
003752327 035   L $$a(DE-599)OBVAC03763336
003752327 040   L $$aUBS$$bger$$c292$$dRDA$$erda
003752327 041   L $$ager
003752327 044   L $$cXA-DE
003752327 08274 L $$a025.32$$qUBWFRL$$222
003752327 084   L $$a02$$qDE-101$$2sdnb
003752327 084   L $$a06.41$$2bkl$$9O: Automatisch aus GBV_2011-10 2012-06-11
003752327 084   L $$a06.70$$2bkl$$9O: Automatisch aus GBV_2011-10 2012-06-11
003752327 084   L $$aAN 74400$$2rvk
003752327 1001  L $$aHaller, Klaus$$d1939-2011$$0(DE-588)128855967$$4aut
003752327 24500 L $$aKatalogisierung nach den RAK-WB$$beine Einführung in die Regeln für die alphabetische Katalogisierung in wissenschaftlichen Bibliotheken$$cKlaus Haller, Hans Popst
003752327 24630 L $$aBeispiel 3.02 | Monografie | Einzelne Einheit | Ausgabebezeichnung (RDA 2.5.2 und D-A-CH AWR für 2.5.2.1) | Zwei geistige Schöpfer | Initialen (RDA 8.5.6.2 und RDA 1.7.6)
003752327 250   L $$a6., durchgesehene und aktualisierte Auflage
003752327 264 1 L $$aMünchen$$bK.G. Saur$$c2003
003752327 300   L $$a331 Seiten$$bIllustrationen$$c21 cm
003752327 336   L $$btxt
003752327 337   L $$bn
003752327 338   L $$bnc
003752327 68900 L $$aRegeln für die alphabetische Katalogisierung$$gWB$$Du$$0(DE-588)4177377-9
003752327 6890  L $$5AT-OBV$$5UBS TUWMMM DDB
003752327 7001  L $$aPopst, Hans$$d1940-$$0(DE-588)128767146$$4aut
003752327 8564  L $$uhttps://wiki.dnb.de/download/attachments/106041499/Modul_3_02_T.pdf?version=2&modificationDate=1458311848000&api=v2$$zVorlage
003752327 85642 L $$qapplication/pdf$$uhttp://media.obvsg.at/AC03763336-1001$$xHEB-CE$$3Inhaltsverzeichnis$$oOBV-HEB-CE
003752327 9700  L $$aRDA-Beispiel
003752327 9701  L $$c03
003752327 9740s L $$F030$$Aa|1urr|||||17
003752327 9740s L $$F050$$Aa|a|||||||||||
003752327 9740s L $$F051$$Am|||||||
003752327 CAT   L $$aUBSDLN$$b20$$c20030707$$lACC01$$h0827
003752327 CAT   L $$aWUWW09$$b20$$c20030826$$lACC01$$h1334
003752327 CAT   L $$aUBSJAN$$b20$$c20030901$$lACC01$$h1432
003752327 CAT   L $$aUBSRS.$$b20$$c20030902$$lACC01$$h1422
003752327 CAT   L $$aTUWMMM$$b20$$c20040316$$lACC01$$h0736
003752327 CAT   L $$aBSTMGE$$b20$$c20040325$$lACC01$$h1329
003752327 CAT   L $$aFHJZEMG$$b20$$c20040405$$lACC01$$h0914
003752327 CAT   L $$aUBKBLU$$b20$$c20040420$$lACC01$$h0921
003752327 CAT   L $$aBOKLIN$$b20$$c20040511$$lACC01$$h1543
003752327 CAT   L $$aUGLGSA$$b20$$c20050728$$lACC01$$h1154
003752327 CAT   L $$aUBWMIK$$b20$$c20060620$$lACC01$$h0916
003752327 CAT   L $$aUBLHOR$$b20$$c20071204$$lACC01$$h1007
003752327 CAT   L $$aBATCH$$b20$$c20090221$$lACC01$$h1240
003752327 CAT   L $$aBATCH$$b20$$c20090222$$lACC01$$h1659
003752327 CAT   L $$aUBWFRL$$b20$$c20090312$$lACC01$$h1153
003752327 CAT   L $$aBATCH$$b20$$c20101015$$lACC01$$h2320
003752327 CAT   L $$aBATCH-UPD$$b20$$c20120310$$lACC01$$h0155
003752327 CAT   L $$aBATCH-UPD$$b20$$c20120511$$lACC01$$h2340
003752327 CAT   L $$aBATCH-UPD$$b20$$c20120611$$lACC01$$h1749
003752327 CAT   L $$aLBOMAG$$b20$$c20150818$$lACC01$$h1151
003752327 CAT   L $$aRDAKAT$$b90$$c20170110$$lACC01$$h1100
003752327 CAT   L $$aRDAKAT$$b90$$c20170110$$lACC01$$h1107
003752327 CAT   L $$aRDAKAT$$b90$$c20170110$$lACC01$$h1117
003752327 CAT   L $$aRDAKAT$$b90$$c20170110$$lACC01$$h1117
003752327 CAT   L $$aRDAKAT$$b90$$c20170110$$lACC01$$h1126
003752327 CAT   L $$aRDAKAT$$b90$$c20170123$$lACC01$$h0828
003752327 CAT   L $$aBATCH-UPD$$b90$$c20170630$$lACC01$$h0014
003752327 CAT   L $$aRDAKAT$$b90$$c20170707$$lACC01$$h0858
003752327 CAT   L $$aBATCH-UPD$$b90$$c20170822$$lACC01$$h1921
003752327 CAT   L $$aBATCH-UPD$$b90$$c20170825$$lACC01$$h0126
