007533243 LDR   L 00000nam#a2200000#c#4500
007533243 001   L AC07452126
007533243 003   L AT-OBV
007533243 005   L 20170919102000.0
007533243 007   L tu
007533243 008   L 090805|2009####au#######m####|||#|#eng#u
007533243 009   L AC07452126
007533243 015   L $$aOeBB$$2oeb
007533243 035   L $$a(DE-599)OBVAC07452126
007533243 040   L $$aUBI$$bger$$cOPUS$$dRDA$$erda
007533243 041   L $$aeng
007533243 044   L $$cXA-AT
007533243 084   L $$a42.91$$2bkl
007533243 1001  L $$aHammerle, Albin$$4aut
007533243 24500 L $$a<<The>> net ecosystem CO2, H2O and energy exchange of mountain grasslands$$bmethodology, controls and modelling$$cpresented by Albin Hammerle
007533243 24633 L $$a<The>> net ecosystem CO 2, H 2 O and energy exchange of mountain grasslands
007533243 24630 L $$aMonografie | Einzelne Einheit | Hochschulschriften | Übertragen von Symbolen (RDA 1.7.5 D-A-CH)
007533243 264 1 L $$aInnsbruck$$cMarch 2009
007533243 300   L $$a78 Bl.$$bIllustrationen
007533243 336   L $$btxt
007533243 337   L $$bn
007533243 338   L $$bnc
007533243 500   L $$aIm Titel ist 2 jeweils tief gestellt.
007533243 500   L $$aEnthält: u.a. vier Veröffentlichungen des Verfassers aus dem Jahren 2007-2009
007533243 502   L $$bDissertation$$cUniversität Innsbruck$$d2009
007533243 520   L $$ager: Using carbon dioxide (CO2) and energy fluxes measured continuously by means of the eddy covariance method since 2001 and associated measurements of the green area index and the major environmental driving forces at a grassland site, managed as a hay meadow, in the Stubai valley (Austria), we investigated the influence of (a)biotic factors and management activities on the energy partitioning and the CO2 exchange of this ecosystem. Moreover, an evaluation of the eddy covariance technique was conducted above a steep mountain grassland and possibilities of gap-filling based on remotely sensed broad-band reflectance indices were explored. The main findings of these studies were: (i) that eddy covariance measurements conducted above a steep meadow with low canopy height were, a rigorous quality control provided, of similar quality compared to those obtained over flat terrain; (ii) that compared to standard environmental parameters, the green area index explained similar, and partially larger, fractions of the variability in energy partitioning; (iii) that there were little, if any, indications of water stress effects on energy partitioning; (iv) that the role of environmental parameters regarding seasonal variation in the net ecosystem CO2 exchange was obscured by the strong response of gross primary production to changes in green area index; (v) that no single parameter or combination of parameters investigated were able to explain the interannual variability in the net ecosystem CO2 exchange; (vi) that broad-band reflectance indices were well suited to model several metrics of the net ecosystem CO2 exchange; (vii) and that a gap-filling method based on these reflectance indices resulted in net ecosystem CO2 exchange values well comparable to data derived from well-established gap-filling methods.
007533243 520   L $$aeng: Using carbon dioxide (CO2) and energy fluxes measured continuously by means of the eddy covariance method since 2001 and associated measurements of the green area index and the major environmental driving forces at a grassland site, managed as a hay meadow, in the Stubai valley (Austria), we investigated the influence of (a)biotic factors and management activities on the energy partitioning and the CO2 exchange of this ecosystem. Moreover, an evaluation of the eddy covariance technique was conducted above a steep mountain grassland and possibilities of gap-filling based on remotely sensed broad-band reflectance indices were explored. The main findings of these studies were: (i) that eddy covariance measurements conducted above a steep meadow with low canopy height were, a rigorous quality control provided, of similar quality compared to those obtained over flat terrain; (ii) that compared to standard environmental parameters, the green area index explained similar, and partially larger, fractions of the variability in energy partitioning; (iii) that there were little, if any, indications of water stress effects on energy partitioning; (iv) that the role of environmental parameters regarding seasonal variation in the net ecosystem CO2 exchange was obscured by the strong response of gross primary production to changes in green area index; (v) that no single parameter or combination of parameters investigated were able to explain the interannual variability in the net ecosystem CO2 exchange; (vi) that broad-band reflectance indices were well suited to model several metrics of the net ecosystem CO2 exchange; (vii) and that a gap-filling method based on these reflectance indices resulted in net ecosystem CO2 exchange values well comparable to data derived from well-established gap-filling methods.
007533243 655 7 L $$aHochschulschrift$$0(DE-588)4113937-9$$2gnd-content
007533243 68900 L $$aStubai$$Dg$$0(DE-588)4077975-0
007533243 68901 L $$aBergwiese$$Ds$$0(DE-588)4144670-7
007533243 68902 L $$aKohlendioxidaustausch$$Ds$$0(DE-588)4233896-7
007533243 6890  L $$5AT-OBV$$5UBIAM
007533243 9700  L $$aRDA-Beispiel
007533243 9701  L $$c27
007533243 9702  L $$dHS-DISS
007533243 9711  L $$aArnone, John A. III
007533243 9711  L $$aWilliams, Mathew
007533243 9713  L $$a2009-04
007533243 9714  L $$aDr. rer. nat.
007533243 9715  L $$aUniversität Innsbruck$$bBiologie$$cInstitut für Ökologie$$d743
007533243 9718  L $$aEddy covariance / Grasland / Energieaustausch / Variabilität / CO2 Austausch / komplexes Gelände
007533243 9719  L $$aEddy covariance / grasslands / energy exchange /variability / CO2 exchange / complex terrain
007533243 9740s L $$V020c$$aOPUS16521
007533243 9740s L $$F030$$Aa|1urr|||||17
007533243 9740s L $$F050$$Aa|a|||||||||||
007533243 9740s L $$F051$$Amu||||||
007533243 CAT   L $$aBATCH$$b20$$c20090805$$lACC01$$h1755
007533243 CAT   L $$aUBIMAX$$b20$$c20090831$$lACC01$$h1057
007533243 CAT   L $$aUBIMAX$$b20$$c20090831$$lACC01$$h1100
007533243 CAT   L $$aUBIMAX$$b20$$c20090831$$lACC01$$h1101
007533243 CAT   L $$aUBIAM$$b20$$c20090921$$lACC01$$h0853
007533243 CAT   L $$aONBGLE$$b20$$c20100806$$lACC01$$h1518
007533243 CAT   L $$aONBFOX$$b20$$c20100817$$lACC01$$h0956
007533243 CAT   L $$aBATCH$$b20$$c20101017$$lACC01$$h1956
007533243 CAT   L $$aBATCH-UPD$$b20$$c20120512$$lACC01$$h0214
007533243 CAT   L $$aRDAKAT$$b90$$c20170608$$lACC01$$h1044
007533243 CAT   L $$aRDAKAT$$b90$$c20170608$$lACC01$$h1108
007533243 CAT   L $$aBATCH-UPD$$b90$$c20170703$$lACC01$$h0303
007533243 CAT   L $$aBATCH-UPD$$b90$$c20170712$$lACC01$$h1403
007533243 CAT   L $$aBATCH-UPD$$b90$$c20170712$$lACC01$$h2017
007533243 CAT   L $$aBATCH-UPD$$b90$$c20170919$$lACC01$$h1020
