013649493 LDR   L 00000ncm#a2200000#c#4500
013649493 001   L AC13774973
013649493 003   L AT-OBV
013649493 005   L 20170824152400.0
013649493 007   L qu
013649493 008   L 170824|1963####be#uu|##############fre#u
013649493 009   L AC13774973
013649493 02822 L $$aS.F. 9156
013649493 035   L $$a(DE-599)OBVAC13774973
013649493 040   L $$aUMW$$bger$$dRDA$$erda
013649493 041   L $$afre$$adut$$aeng$$ager$$aita$$aspa$$apor
013649493 044   L $$cXA-BE
013649493 1001  L $$aHanon, Charles-Louis$$d1819-1900$$0(DE-588)134586573$$4cmp
013649493 24010 L $$a<<Le>> pianiste-virtuose$$0(DE-588)30083036X$$kAuswahl$$oarrangiert
013649493 24500 L $$a<<Le>> jeune pianiste virtuose$$ben 40 exercices = <<De>> jonge klavier-virtuoos = <<The>> young pianist virtuoso = <<Der>> junge Klavier-Virtuos = <<Il>> giovane pianista virtuoso$$cC.L. Hanon
013649493 24631 L $$a<<De>> jonge klavier-virtuoos
013649493 24631 L $$a<<The>> young pianist virtuoso
013649493 24631 L $$a<<Der>> junge Klavier-Virtuos
013649493 24631 L $$a<<Il>> giovane pianista virtuoso
013649493 24633 L $$a<<El>> joven pianista virtuoso
013649493 24633 L $$a<<O>> jovem pianista virtuoso
013649493 24630 L $$aBeispiel 6M.03.10 | Musikdruck | Noten | Einzelne Einheit | Mitwirkende mit mehreren Beziehungskennzeichnungen | Viele Paralleltitel (RDA 2.3.3) | Definition (b) von Arrangement (Vereinfachung)
013649493 250   L $$aÉdition réduite à l'usage des commençants / par Armand Ferté, professeur honoraire au Conservatoire National Supérieur de Paris
013649493 264 1 L $$aBruxelles$$bSchott Frères$$c[1963]
013649493 264 4 L $$c© 1963
013649493 300   L $$a1 Partitur (49 Seiten)
013649493 336   L $$bntm
013649493 337   L $$bn
013649493 338   L $$bnc
013649493 546   L $$aAnmerkungen französisch, holländisch, englisch, deutsch, italienisch, spanisch und portugiesisch
013649493 655 7 L $$aPartitur$$0(DE-588)4173447-6$$2gnd-music
013649493 7001  L $$aFerté, Armand$$d1881-1973$$0(DE-588)1067135952$$4arr$$4wst
013649493 856   L $$uhttps://wiki.dnb.de/download/attachments/108533610/Modul_6_M_03_10_T.pdf$$vVorlage
013649493 9700  L $$aRDA-Beispiel
013649493 9701  L $$c57
013649493 9740s L $$F030$$Aa|1urr|||||17
013649493 9740s L $$F050$$Aa|a|||||||||||
013649493 9740s L $$F051$$Amm||||||
013649493 CAT   L $$aUMWCHR$$b20$$c20170824$$lACC01$$h1512
013649493 CAT   L $$aBATCH-UPD$$b20$$c20170824$$lACC01$$h1513
013649493 CAT   L $$aRDAKAT$$b90$$c20170824$$lACC01$$h1516
013649493 CAT   L $$aBATCH-UPD$$b90$$c20170824$$lACC01$$h1517
013649493 CAT   L $$aRDAKAT$$b90$$c20170824$$lACC01$$h1524
013649493 CAT   L $$aBATCH-UPD$$b90$$c20170824$$lACC01$$h1524
