013564264 LDR   L 00000nam#a2200000#c#4500
013564264 001   L AC13745177
013564264 003   L AT-OBV
013564264 005   L 20170921085900.0
013564264 007   L tu
013564264 008   L 170710|2014####gw############|||#|#ger#u
013564264 009   L AC13745177
013564264 035   L $$a(DE-599)OBVAC13745177
013564264 040   L $$aRDA$$bger$$dRDA$$erda
013564264 041   L $$ager
013564264 044   L $$cXA-DE
013564264 24500 L $$aBeschwerden als Chance zur Prozessverbesserung und Steigerung der Patientenzufriedenheit$$bEvaluierung und Optimierung des Beschwerdemanagements am Beispiel einer Kliniken GmbH$$cLaura Magdalena Heinnickel
013564264 24630 L $$aBeispiel 5A.02.07 | Monografie | Einzelne Einheit | Zusammenstellung ohne übergeordnetem Titel (RDA 2.3.2.9 und D-A-CH AWR für 2.3.2.9) | Teilwerke | Bevorzugter Titel des Werkes (RDA 17.8 und D-A-CH AWR für 17.8 und RDA 6.2.2.11)
013564264 249   L $$aPrimärdatenanalyse zur Untersuchung der Ausgaben für HIV-infizierte Versicherte in Deutschland und deren Optimierung durch Case-Management bei der Hallesche Krankenversicherung auf Gegenseitigkeit$$vSandra Dangelmayer$$cHerausgeber: Duale Hochschule Baden-Württemberg Stuttgart, Prof. Dr. rer. pol. Anke Simon
013564264 264 1 L $$aStuttgart$$bDuale Hochschule Baden-Württemberg Stuttgart$$cDezember 2014
013564264 300   L $$a249 Seiten$$bIllustrationen
013564264 336   L $$btxt
013564264 337   L $$bn
013564264 338   L $$bnc
013564264 7001  L $$aHeinnickel, Laura Magdalena$$4aut
013564264 7001  L $$aDangelmayer, Sandra$$4aut
013564264 7001  L $$aSimon, Anke$$4edt
013564264 70012 L $$aHeinnickel, Laura Magdalena$$tBeschwerden als Chance zur Prozessverbesserung und Steigerung der Patientenzufriedenheit
013564264 70012 L $$aDangelmayer, Sandra$$tPrimärdatenanalyse zur Untersuchung der Ausgaben für HIV-infizierte Versicherte in Deutschland und deren Optimierung durch Case-Management bei der Hallesche Krankenversicherung auf Gegenseitigkeit
013564264 7102  L $$aDuale Hochschule Baden-Württemberg Stuttgart$$0(DE-588)16002377-4$$4edt
013564264 8564  L $$uhttps://wiki.dnb.de/download/attachments/106041499/Modul_5A_02_07_T.pdf?version=1&modificationDate=1432034018000&api=v2$$zVorlage
013564264 9700  L $$aRDA-Beispiel
013564264 9701  L $$c34
013564264 9740s L $$F030$$Aa|1urr|||||37
013564264 9740s L $$F050$$Aa|a|||||||||||
013564264 9740s L $$F051$$Am|||||||
013564264 CAT   L $$aRDAKAT$$b90$$c20170710$$lACC01$$h1145
013564264 CAT   L $$aRDAKAT$$b90$$c20170710$$lACC01$$h1147
013564264 CAT   L $$aRDAKAT$$b90$$c20170710$$lACC01$$h1203
013564264 CAT   L $$aRDAKAT$$b90$$c20170711$$lACC01$$h0918
013564264 CAT   L $$aRDAKAT$$b90$$c20170921$$lACC01$$h0859
