012046863 LDR   L 00000nam#a2200000#c#4500
012046863 001   L AC12163090
012046863 003   L AT-OBV
012046863 005   L 20170608095700.0
012046863 007   L tu
012046863 008   L 150127|2014####xxu###########|||#|#eng#u
012046863 009   L AC12163090
012046863 0167  L $$a778222985$$2DE-101b
012046863 020   L $$a9780262027540
012046863 035   L $$a(DE-599)GBV778222985
012046863 040   L $$aUAW$$bger$$dRDA$$erda
012046863 041   L $$aeng
012046863 044   L $$cXD-US
012046863 084   L $$aIH 86841$$2rvk
012046863 1001  L $$aHentea, Marius$$d1978-$$0(DE-588)1047321459$$4aut
012046863 24500 L $$aTaTa Dada$$bthe real life and celestial adventures of Tristan Tzara$$cMarius Hentea
012046863 24633 L $$aTa Ta Da Da
012046863 24633 L $$aTatadada
012046863 24630 L $$aBeispiel 3.03 | Monografie | Einzelne Einheit | Mehrere Erscheinungsorte (RDA 2.8.2) | Copyright-Datum als Erscheinungsjahr (RDA 2.8.6.6 D-A-CH) | Zwei Inhaltstypen ((RDA 6.9.1.3 D-A-CH) | Art des Inhalts (RDA 7.2.1.3 D-A-CH) | Illustrierender Inhalt (RDA 7.15.1.3 D-A-CH) | Farbe der Illustrationen ((RDA 7.17.1.3 D-A-CH)
012046863 264 1 L $$aCambridge, Massachusetts$$aLondon, England$$bThe MIT Press$$c[2014]
012046863 300   L $$aviii, 256 Seiten$$bIllustrationen (schwarz-weiß)
012046863 336   L $$btxt
012046863 336   L $$bsti
012046863 337   L $$bn
012046863 338   L $$bnc
012046863 500   L $$aDer Titel erscheint als x mit den wiederholten Silben "Ta" und "Da" in den Feldern
012046863 655 7 L $$aBiografie$$0(DE-588)4006804-3$$2gnd-content
012046863 68900 L $$aTzara, Tristan$$d1896-1963$$Dp$$0(DE-588)118624938
012046863 6890  L $$5AT-OBV$$5UAWJMT OAWMUS
012046863 8564  L $$uhttp://bvbr.bib-bvb.de:8991/F?func=service&doc_library=BVB01&local_base=BVB01&doc_number=027610030&line_number=0001&func_code=DB_RECORDS&service_type=MEDIA$$3Inhaltsverzeichnis
012046863 8564  L $$uhttps://wiki.dnb.de/download/attachments/106041499/Modul_3_03_T.pdf?version=1&modificationDate=1437639624000&api=v2$$zdnb-wiki Vorlage
012046863 9700  L $$aRDA-Beispiel
012046863 9700  L $$aRDA-Lehre
012046863 9701  L $$c45
012046863 9704  L $$bBVBKAT
012046863 9740s L $$F030$$Aa|1urr|||||17
012046863 9740s L $$F050$$Aa|a|||||||||||
012046863 9740s L $$F051$$Am|||||||
012046863 CAT   L $$aUAWBOS$$b20$$c20150127$$lACC01$$h1349
012046863 CAT   L $$aBATCH-UPD$$b20$$c20150127$$lACC01$$h1349
012046863 CAT   L $$aBATCH-UPD$$b20$$c20150127$$lACC01$$h1349
012046863 CAT   L $$aBATCH-UPD$$b20$$c20150127$$lACC01$$h1350
012046863 CAT   L $$aUAWWHY$$b20$$c20150224$$lACC01$$h1703
012046863 CAT   L $$aUAWWHY$$b20$$c20150224$$lACC01$$h1703
012046863 CAT   L $$aUAWWHY$$b20$$c20150224$$lACC01$$h1703
012046863 CAT   L $$aUAWJMT$$b20$$c20150302$$lACC01$$h1611
012046863 CAT   L $$aBATCH-UPD$$b20$$c20170527$$lACC01$$h2302
012046863 CAT   L $$aRDAKAT$$b90$$c20170608$$lACC01$$h0908
012046863 CAT   L $$aRDAKAT$$b90$$c20170608$$lACC01$$h0957
