005121650 LDR   L 00000ncm#a2200000#c#4500
005121650 001   L AC05234402
005121650 003   L AT-OBV
005121650 005   L 20170822111800.0
005121650 007   L qu
005121650 008   L 060425|2002####gw#uu|##############ger#u
005121650 009   L AC05234402
005121650 0242  L $$aM001141031
005121650 02852 L $$aED 9545
005121650 02822 L $$a50 914
005121650 035   L $$a(DE-599)OBVAC05234402
005121650 040   L $$aUMW$$bger$$dRDA$$erda
005121650 041   L $$ager$$aeng
005121650 044   L $$cXA-DE
005121650 1001  L $$aHenze, Hans Werner$$d1926-2012$$0(DE-588)118549383$$4cmp
005121650 24010 L $$aSinfonien$$nNr. 10$$0(DE-588)300726007
005121650 24500 L $$aSinfonia n. 10, in vier Sätzen für großes Orchester$$b = in four movements for large orchestra (1997-2000)$$cHans Werner Henze
005121650 24631 L $$ain four movements for large orchestra (1997-2000)
005121650 24630 L $$aBeispiel 6M.03.06 | Musikdruck | Noten | Einzelne Einheit | Musikwerk mit nicht spezifischem Werktitel | Paralleltitel nur aus Besetzung, Tonart usw. (RDA 2.3.3.4) | Paralleltitel einer Reihe (RDA 2.13.3)
005121650 250   L $$aStudienpartitur = Study score
005121650 264 1 L $$aMainz$$bSchott$$c[2002]
005121650 264 4 L $$c© 2002
005121650 300   L $$a1 Studienpartitur (154 Seiten)$$c30 cm
005121650 336   L $$bntm
005121650 337   L $$bn
005121650 338   L $$bnc
005121650 4900  L $$aMusik unserer Zeit = Music of our time = Musique de notre temps = Jidai no ongaku
005121650 500   L $$aAufführungsdauer: 42 min
005121650 546   L $$aEinleitung deutsch und englisch
005121650 655 7 L $$aStudienpartitur$$0(DE-588)1071332406$$2gnd-music
005121650 856   L $$uhttps://wiki.dnb.de/download/attachments/108533610/Modul_6_M_03_06_T.pdf$$vVorlage
005121650 9700  L $$aRDA-Beispiel
005121650 9701  L $$c57
005121650 9740s L $$F030$$Aa|1ur||||||17
005121650 9740s L $$F050$$Aa|a|||||||||||
005121650 9740s L $$F051$$Amm||||||
005121650 CAT   L $$aUMWSTM$$b20$$c20060425$$lACC01$$h1606
005121650 CAT   L $$aUMWM20$$b20$$c20060522$$lACC01$$h0735
005121650 CAT   L $$aUMWM20$$b20$$c20060720$$lACC01$$h1130
005121650 CAT   L $$aUMWM20$$b20$$c20071219$$lACC01$$h0837
005121650 CAT   L $$aBATCH-UPD$$b20$$c20120512$$lACC01$$h0045
005121650 CAT   L $$aBATCH-UPD$$b20$$c20121102$$lACC01$$h2106
005121650 CAT   L $$aUMWCHR$$b20$$c20150921$$lACC01$$h1240
005121650 CAT   L $$aUMWCHR$$b20$$c20170822$$lACC01$$h1118
005121650 CAT   L $$aRDAKAT$$b90$$c20170822$$lACC01$$h1118
