012121277 LDR   L 00000nam#a2200000#cb4500
012121277 001   L AC12232351
012121277 003   L AT-OBV
012121277 005   L 20170808111000.0
012121277 007   L tu
012121277 008   L 150331|2015####gw############|1|#|#ger#u
012121277 009   L AC12232351
012121277 020   L $$a9783525369692
012121277 035   L $$a(DE-599)BSZ427967295
012121277 040   L $$aUBW$$bger$$dRDA$$erda
012121277 041   L $$ager
012121277 044   L $$cXA-DE
012121277 084   L $$a15.43$$2bkl
012121277 090   L $$ab
012121277 24500 L $$aVergleich als Herausforderung$$bFestschrift zum 65. Geburtstag von Günther Heydemann$$cherausgegeben von Andreas Kötzing, Francesca Weil, Mike Schmeitzner und Jan Erik Schulte
012121277 24630 L $$aBeispiel 3.35 | TUT | Teil mit unabhängigem Titel | Stücktitel | Festschrift | mehrere Orte | mehrere Herausgeber |
012121277 264 1 L $$aGöttingen$$aBristol, CT$$bVandenhoeck & Ruprecht$$c[2015]
012121277 300   L $$a342 Seiten$$bIllustrationen
012121277 336   L $$btxt
012121277 337   L $$bn
012121277 338   L $$bnc
012121277 4901  L $$aSchriften des Hannah-Arendt-Instituts für Totalitarismusforschung$$vBand 57
012121277 655 7 L $$aFestschrift$$0(DE-588)4016928-5$$2gnd-content
012121277 655 7 L $$aAufsatzsammlung$$0(DE-588)4143413-4$$2gnd-content
012121277 68900 L $$aDeutschland$$Dg$$0(DE-588)4011882-4
012121277 68901 L $$aGeschichte 1900-2000$$Az
012121277 6890  L $$5AT-OBV$$5UBWRAH
012121277 7001  L $$aHeydemann, Günther$$d1950-$$0(DE-588)105440957$$4hnr
012121277 7001  L $$aKötzing, Andreas$$d1978-$$0(DE-588)1033961914$$4edt
012121277 7001  L $$aWeil, Francesca$$d1962-$$0(DE-588)122107713$$4edt
012121277 7001  L $$aSchmeitzner, Mike$$d1968-$$0(DE-588)120488469$$4edt
012121277 7001  L $$aSchulte, Jan Erik$$d1966-$$0(DE-588)123142091$$4edt
012121277 830 0 L $$w(AT-OBV)AC01247395$$v57$$9O:1
012121277 8564  L $$uhttps://wiki.dnb.de/download/attachments/106041499/Modul_3_35_T.pdf?version=1&modificationDate=1448022722000&api=v2$$zVorlage
012121277 9700  L $$aRDA-Beispiel
012121277 9701  L $$c54
012121277 9704  L $$bBVBKAT
012121277 9740s L $$F030$$Aa|5zr||z|||37
012121277 9740s L $$F050$$Aa|b|||||||||||
012121277 9740s L $$F051$$Asf||||||
012121277 CAT   L $$aUBWR11$$b20$$c20150331$$lACC01$$h1045
012121277 CAT   L $$aUBWR00$$b20$$c20150413$$lACC01$$h1146
012121277 CAT   L $$aUBWK06$$b20$$c20150413$$lACC01$$h1432
012121277 CAT   L $$aUBWRAH$$b20$$c20150507$$lACC01$$h0858
012121277 CAT   L $$aUBSEHO$$b20$$c20150605$$lACC01$$h1139
012121277 CAT   L $$aRDAKAT$$b90$$c20160706$$lACC01$$h1615
012121277 CAT   L $$aRDAKAT$$b90$$c20160706$$lACC01$$h1617
012121277 CAT   L $$aRDAKAT$$b90$$c20161213$$lACC01$$h1342
012121277 CAT   L $$aBATCH-UPD$$b90$$c20170527$$lACC01$$h2316
012121277 CAT   L $$aBATCH-UPD$$b90$$c20170704$$lACC01$$h0502
012121277 CAT   L $$aRDAKAT$$b90$$c20170808$$lACC01$$h1110
