001373637 LDR   L 00000nam#a2200000zcc4500
001373637 001   L AC01354764
001373637 003   L AT-OBV
001373637 005   L 20170624162800.0
001373637 007   L tu
001373637 008   L 960112|1974####ne############|||#|#eng#u
001373637 009   L AC01354764
001373637 020   L $$a9004038205
001373637 035   L $$a(DE-599)OBVAC01354764
001373637 040   L $$aUBG$$bger$$dRDA$$erda
001373637 041   L $$aeng
001373637 044   L $$cXA-NL
001373637 1001  L $$aHirshberg, Ḥayim Zeʾev$$d1903-1976$$0(DE-588)101940513$$4aut$$9O:H
001373637 24500 L $$a<<A>> history of the Jews in North Africa$$nVolume 1$$pFrom antiquity to the sixteenth century$$cby H.Z. (J.W.) Hirschberg
001373637 24630 L $$aBeispiel 5A.01.02 | Mehrteilige Monografie | TAT - Teil mit abhängigem Titel | Ausgabevermerk (RDA 2.5.1.5 D-A-CH) | Bandzählung mit römischen Ziffern (RDA 1.8.2 D-A-CH)|
001373637 250   L $$aSecond, revised edition
001373637 264 1 L $$aLeiden$$bE.J. Brill$$c1974
001373637 300   L $$aXI, 518 Seiten$$bIllustrationen
001373637 336   L $$btxt
001373637 337   L $$bn
001373637 338   L $$bnc
001373637 500   L $$aLiteraturverzeichnis Seite 482-493
001373637 77308 L $$w(AT-OBV)AC01306389$$q1
001373637 9700  L $$aRDA-Beispiel
001373637 9701  L $$c54
001373637 9740s L $$F030$$Az|1drr|||||||
001373637 9740s L $$F050$$Aa|a|||||||||||
001373637 9740s L $$F051$$A||||||||
001373637 CAT   L $$aBATCH$$b20$$c19981218$$lACC01$$h0052
001373637 CAT   L $$aUBWU26$$b20$$c20030522$$lACC01$$h1044
001373637 CAT   L $$aUBWBAR$$b20$$c20030612$$lACC01$$h1510
001373637 CAT   L $$aUBWBAR$$b20$$c20030828$$lACC01$$h1821
001373637 CAT   L $$aRDAKAT$$b90$$c20170608$$lACC01$$h1001
001373637 CAT   L $$aRDAKAT$$b90$$c20170608$$lACC01$$h1009
001373637 CAT   L $$aRDAKAT$$b90$$c20170608$$lACC01$$h1011
001373637 CAT   L $$aBATCH-UPD$$b90$$c20170624$$lACC01$$h1628
