001373636 LDR   L 00000nam#a2200000zca4500
001373636 001   L AC01306389
001373636 003   L AT-OBV
001373636 005   L 20170624162100.0
001373636 007   L tu
001373636 008   L 951122|19741981ne############|||#|#eng#u
001373636 009   L AC01306389
001373636 015   L $$aBI,031,0887$$2dnb
001373636 035   L $$a(DE-599)OBVAC01306389
001373636 040   L $$aUBG$$bger$$dRDA$$erda
001373636 041   L $$aeng
001373636 044   L $$cXA-NL
001373636 1001  L $$aHirshberg, Ḥayim Zeʾev$$d1903-1976$$0(DE-588)101940513$$4aut
001373636 24010 L $$aTôledôt hay-Yehûdîm be-Afrîqa has-sefônît
001373636 24500 L $$a<<A>> history of the Jews in North Africa$$cby H.Z. (J.W.) Hirschberg
001373636 24630 L $$aBeispiel 5A.01.02 | Mehrteiliege Monografie | Ausgabevermerk (RDA 2.5.1.5 D-A-CH) |
001373636 264 1 L $$aLeiden$$bE.J. Brill$$c1974-1981
001373636 336   L $$btxt
001373636 337   L $$bn
001373636 338   L $$bnc
001373636 500   L $$aAus dem Hebräischen übersetzt
001373636 68900 L $$aJuden$$Ds$$0(DE-588)4028808-0
001373636 68901 L $$aNordafrika$$Dg$$0(DE-588)4042482-0
001373636 68902 L $$aGeschichte$$Az
001373636 6890  L $$5AT-OBV$$5UBG
001373636 8564  L $$uhttps://wiki.dnb.de/download/attachments/106041499/Modul_5A_01_02_T.pdf?version=1&modificationDate=1430731609000&api=v2$$zdnb-wiki Vorlage
001373636 9700  L $$aRDA-Beispiel
001373636 9701  L $$c54
001373636 9740s L $$F030$$Az|1drr|||||17
001373636 9740s L $$F050$$Aa|a|||||||||||
001373636 9740s L $$F051$$An||||||
001373636 CAT   L $$aBATCH$$b20$$c19981218$$lACC01$$h0052
001373636 CAT   L $$aUBWU26$$b20$$c20030522$$lACC01$$h1041
001373636 CAT   L $$aBATCH-UPD$$b20$$c20120511$$lACC01$$h2145
001373636 CAT   L $$aUBGLAC$$b20$$c20151002$$lACC01$$h1653
001373636 CAT   L $$aOAWMUS$$b20$$c20170608$$lACC01$$h0953
001373636 CAT   L $$aRDAKAT$$b90$$c20170608$$lACC01$$h0958
001373636 CAT   L $$aBATCH-UPD$$b90$$c20170624$$lACC01$$h1621
