001373638 LDR   L 00000nam#a2200000zcc4500
001373638 001   L AC01266333
001373638 003   L AT-OBV
001373638 005   L 20170624161500.0
001373638 007   L tu
001373638 008   L 960112|1981####ne############|||#|#eng#u
001373638 009   L AC01266333
001373638 035   L $$a(DE-599)OBVAC01266333
001373638 040   L $$aUBG$$bger$$dRDA$$erda
001373638 041   L $$aeng
001373638 044   L $$cXA-NL
001373638 1001  L $$aHirshberg, Ḥayim Zeʾev$$d1903-1976$$0(DE-588)101940513$$4aut$$9O:H
001373638 24500 L $$a<<A>> history of the Jews in North Africa$$nVolume 2$$pFrom the Ottoman conquests to the present time / edited by Eliezer Bashan and Robert Attal$$cby H.Z. (J.W.) Hirschberg
001373638 24630 L $$aBeispiel 5A.01.02 | Mehrteilige Monografie | TAT - Teil mit abhängigem Titel | Ausgabevermerk (RDA 2.5.1.5 D-A-CH) | Bandzählung mit römischen Ziffern (RDA 1.8.2 D-A-CH)|
001373638 264 1 L $$aLeiden$$bE.J. Brill$$c1981
001373638 300   L $$aXI, 351 Seiten
001373638 336   L $$btxt
001373638 337   L $$bn
001373638 338   L $$bnc
001373638 500   L $$aLiteraturverzeichnis Seite 327-336
001373638 7001  L $$aBashan, Eliezer$$d1925-$$0(DE-588)1071995847$$4edt
001373638 7001  L $$aAttal, Robert$$d1926-$$0(DE-588)133150313$$4edt
001373638 77308 L $$w(AT-OBV)AC01306389$$q2
001373638 9700  L $$aRDA-Beispiel
001373638 9701  L $$c54
001373638 9740s L $$F030$$Az|1drr|||||||
001373638 9740s L $$F050$$Aa|a|||||||||||
001373638 9740s L $$F051$$A||||||||
001373638 CAT   L $$aBATCH$$b20$$c19981218$$lACC01$$h0052
001373638 CAT   L $$aUBWU26$$b20$$c20030522$$lACC01$$h1043
001373638 CAT   L $$aUBWBAR$$b20$$c20030612$$lACC01$$h1519
001373638 CAT   L $$aUBWBAR$$b20$$c20030828$$lACC01$$h1844
001373638 CAT   L $$aRDAKAT$$b90$$c20170608$$lACC01$$h1013
001373638 CAT   L $$aRDAKAT$$b90$$c20170608$$lACC01$$h1013
001373638 CAT   L $$aBATCH-UPD$$b90$$c20170624$$lACC01$$h1615
