003820567 LDR   L 00000ncm#a2200000#c#4500
003820567 001   L AC03832148
003820567 003   L AT-OBV
003820567 005   L 20170922190300.0
003820567 007   L qu
003820567 008   L 030922|2003####gw#uu|##############zxx#u
003820567 009   L AC03832148
003820567 0242  L $$aM001131940
003820567 02852 L $$aED 9459
003820567 035   L $$a(DE-599)OBVAC03832148
003820567 040   L $$bger$$dRDA$$erda
003820567 041   L $$azxx
003820567 044   L $$cXA-DE
003820567 1001  L $$aHolliger, Heinz$$d1939-$$0(DE-588)118553097$$4cmp
003820567 24010 L $$aPartiten$$mKlavier$$f1999$$0(DE-588)300762232
003820567 24500 L $$aPartita für Klavier$$b = for piano (1999)$$cHeinz Holliger *1939
003820567 24631 L $$afor piano (1999)
003820567 24630 L $$aBeispiel 6M.03.05 | Musikdruck | Noten | Einzelne Einheit | Musikwerk mit nicht spezifischem Werktitel | Paralleltitel nur aus Besetzung, Tonart usw. (RDA 2.3.3.4)
003820567 264 1 L $$aMainz$$bSchott$$c[2003]
003820567 264 4 L $$c© 2003
003820567 300   L $$a1 Partitur (43 Seiten)
003820567 336   L $$bntm
003820567 337   L $$bn
003820567 338   L $$bnc
003820567 500   L $$aAufführungsdauer: circa 30 min
003820567 655 7 L $$aPartitur$$0(DE-588)4173447-6$$2gnd-music
003820567 856   L $$uhttps://wiki.dnb.de/download/attachments/108533610/Modul_6_M_03_05_T.pdf$$vVorlage
003820567 9700  L $$aRDA-Beispiel
003820567 9701  L $$c57
003820567 9740s L $$F030$$Aa|1ur||||||17
003820567 9740s L $$F050$$Aa|a|||||||||||
003820567 9740s L $$F051$$Amm||||||
003820567 CAT   L $$aUMWM20$$b20$$c20030922$$lACC01$$h0726
003820567 CAT   L $$aUMWVOS$$b20$$c20040629$$lACC01$$h1423
003820567 CAT   L $$aUMWM20$$b20$$c20050907$$lACC01$$h1315
003820567 CAT   L $$aUMWM20$$b20$$c20070129$$lACC01$$h1513
003820567 CAT   L $$aBATCH-UPD$$b20$$c20120511$$lACC01$$h2346
003820567 CAT   L $$aUMWCHR$$b20$$c20140725$$lACC01$$h1144
003820567 CAT   L $$aBATCH-UPD$$b20$$c20140829$$lACC01$$h2151
003820567 CAT   L $$aUMWCHR$$b20$$c20150921$$lACC01$$h1211
003820567 CAT   L $$aBATCH-UPD$$b20$$c20160827$$lACC01$$h0233
003820567 CAT   L $$aUMWCHR$$b20$$c20170821$$lACC01$$h1305
003820567 CAT   L $$aRDAKAT$$b90$$c20170821$$lACC01$$h1305
003820567 CAT   L $$aRDAKAT$$b90$$c20170822$$lACC01$$h1112
003820567 CAT   L $$aBATCH-UPD$$b90$$c20170908$$lACC01$$h1856
003820567 CAT   L $$aBATCH-UPD$$b90$$c20170922$$lACC01$$h1903
