003228036 LDR   L 00000ncm#a2200000#c#4500
003228036 001   L AC03233594
003228036 003   L AT-OBV
003228036 005   L 20170606130000.0
003228036 007   L qu
003228036 008   L 010802|1902####xx#uu|##############ger#u
003228036 009   L AC03233594
003228036 02822 L $$aM.B. 434
003228036 035   L $$a(DE-599)OBVAC03233594
003228036 040   L $$aUMS$$bger$$dRDA$$erda
003228036 041   L $$ager
003228036 044   L $$cXA-DXDE
003228036 1001  L $$aHumperdinck, Engelbert$$d1854-1921$$0(DE-588)11855476X$$4cmp
003228036 24010 L $$aDornröschen$$0(DE-588)300295766
003228036 24500 L $$aDornröschen$$cMärchen in einem Vorspiel und drei Akten von E.B. Ebeling-Filhès ; Musik von Engelbert Humperdinck
003228036 24630 L $$aBeispiel 6M.03.09 | Musikdruck | Noten | Einzelne Einheit | mehrere Verantwortlichkeitsangaben, Reihenfolge (RDA 2.4.1.6) | Nominalphrase (RDA 2.4.1.8) | mehrere geistige Schöpfer (RDA 19.2.1.1) | gemeinschaftliches Werk (RDA 6.27.1.3) | Musikwerke mit Libretto (RDA 6.28.1.2)
003228036 250   L $$aKlavier-Auszug mit Text / von Alfred Brüggemann und Philipp Rödelberger
003228036 264 1 L $$aLeipzig$$bMax Brockhaus Musikverlag$$c[1902]
003228036 264 4 L $$c© 1902
003228036 300   L $$a1 Klavierauszug (120 Seiten)$$c30 cm
003228036 336   L $$bntm
003228036 337   L $$bn
003228036 338   L $$bnc
003228036 500   L $$aHier auch später erschienene, unveränderte Nachdrucke
003228036 546   L $$aText deutsch
003228036 655 7 L $$aKlavierauszug$$0(DE-588)4164058-5$$2gnd-music
003228036 7001  L $$aEbeling, Elisabeth$$d1828-1905$$0(DE-588)116320850$$4lbt
003228036 7001  L $$aFilhés, Bertha$$d1819-$$0(DE-588)139660631$$4lbt
003228036 7001  L $$aBrüggemann, Alfred$$d1873-1944$$0(DE-588)116742801$$4arr
003228036 7001  L $$aRödelberger, Philipp$$d1865-1941$$0(DE-588)116580070$$4arr
003228036 8564  L $$uhttps://wiki.dnb.de/download/attachments/108533610/Modul_6_M_03_09_T.pdf$$zVorlage
003228036 9700  L $$aRDA-Beispiel
003228036 9701  L $$c57
003228036 9740s L $$F030$$Aa|1urr|||||17
003228036 9740s L $$F050$$Aa|a|||||||||||
003228036 9740s L $$F051$$Amm||||||
003228036 CAT   L $$aUMSSEW$$b20$$c20010802$$lACC01$$h1118
003228036 CAT   L $$aUMSSEW$$b20$$c20010802$$lACC01$$h1119
003228036 CAT   L $$aUMWM20$$b20$$c20060518$$lACC01$$h0917
003228036 CAT   L $$aUMWM20$$b20$$c20060518$$lACC01$$h0919
003228036 CAT   L $$aBATCH-UPD$$b20$$c20060518$$lACC01$$h0921
003228036 CAT   L $$aUMWM20$$b20$$c20080103$$lACC01$$h1434
003228036 CAT   L $$aOBVSYS1$$b20$$c20101214$$lACC01$$h1340
003228036 CAT   L $$aBATCH$$b20$$c20101214$$lACC01$$h1540
003228036 CAT   L $$aBATCH-UPD$$b20$$c20110917$$lACC01$$h0225
003228036 CAT   L $$aBATCH-UPD$$b20$$c20120511$$lACC01$$h2313
003228036 CAT   L $$aUMWCHR$$b20$$c20150921$$lACC01$$h1316
003228036 CAT   L $$aUMWCHR$$b20$$c20150921$$lACC01$$h1318
003228036 CAT   L $$aBATCH-UPD$$b20$$c20151211$$lACC01$$h1800
003228036 CAT   L $$aRDAKAT$$b90$$c20160712$$lACC01$$h0932
003228036 CAT   L $$aRDAKAT$$b90$$c20160712$$lACC01$$h0944
003228036 CAT   L $$aRDAKAT$$b90$$c20160713$$lACC01$$h1516
003228036 CAT   L $$aRDAKAT$$b90$$c20170606$$lACC01$$h0917
003228036 CAT   L $$aRDAKAT$$b90$$c20170606$$lACC01$$h1300
003228036 CAT   L $$aRDAKAT$$b90$$c20170606$$lACC01$$h1300
