004226943 LDR   L 00000cam#a2200000#cb4500
004226943 001   L AC04239267
004226943 003   L AT-OBV
004226943 005   L 20170630010400.0
004226943 007   L tu
004226943 008   L 040906|2004####gw############|||#|#ger#u
004226943 009   L AC04239267
004226943 020   L $$a3774932999$$cGeb. : EUR 53.46
004226943 035   L $$a(DE-599)OBVAC04239267
004226943 040   L $$aUBS$$bger$$dRDA$$erda
004226943 041   L $$ager
004226943 044   L $$cXA-DE
004226943 084   L $$a15.13$$2bkl
004226943 084   L $$aND 6400$$2rvk
004226943 084   L $$aNF 6450$$2rvk
004226943 24500 L $$aMittelalterliche Münzprägung in Südwestdeutschland$$cherausgegeben von Lutz Ilisch, Sönke Lorenz, Willem B. Stern und Heiko Steuer
004226943 24630 L $$aBeispiel 5A.01.23: Mehrteilige Monografien | Teile von monografischen Reihen | TUT - Teile mit unabhängigem Titel - Stücktitel
004226943 264 1 L $$aBonn$$bDr. Rudolf Habelt GmbH$$c2004
004226943 300   L $$a173 Seiten$$bIllustrationen, Karten$$c31 cm
004226943 336   L $$btxt
004226943 337   L $$bn
004226943 338   L $$bnc
004226943 4901  L $$aDirham und Rappenpfennig$$v2
004226943 4901  L $$aZeitschrift für Archäologie des Mittelalters. Beiheft$$v19
004226943 500   L $$aEnthält: Literaturangaben
004226943 655 7 L $$aAufsatzsammlung$$0(DE-588)4143413-4$$2gnd-content
004226943 68900 L $$aSüdwestdeutschland$$Dg$$0(DE-588)4078053-3
004226943 68901 L $$aMünzprägung$$Ds$$0(DE-588)4123803-5
004226943 68902 L $$aGeschichte 800-1500$$Az
004226943 6890  L $$5AT-OBV$$5UBSLAI, DDB OAWMUS
004226943 7001  L $$aIlisch, Lutz$$d1950-$$0(DE-588)1068422378$$4edt
004226943 7001  L $$aLorenz, Sönke$$4edt
004226943 7001  L $$aStern, Willem B.$$4edt
004226943 7001  L $$aSteuer, Heiko$$4edt
004226943 830 0 L $$w(AT-OBV)AC04239193$$v2$$9O:1
004226943 830 0 L $$w(AT-OBV)AC00609757$$v19$$9O:2
004226943 8564  L $$uhttps://wiki.dnb.de/download/attachments/106041499/Modul_5A_01_23_T.pdf?version=2&modificationDate=1475580163000&api=v2$$zdnb-wiki Vorlage
004226943 9700  L $$aRDA-Beispiel
004226943 9701  L $$c55
004226943 9740s L $$F030$$Aa|1drz|z|||37
004226943 9740s L $$F050$$Aa|a|||||||||||
004226943 9740s L $$F051$$As|||||||
004226943 CAT   L $$aUBSDLN$$b20$$c20040906$$lACC01$$h1017
004226943 CAT   L $$aUBSLAI$$b20$$c20041019$$lACC01$$h1426
004226943 CAT   L $$aUBIBAK$$b20$$c20080717$$lACC01$$h1140
004226943 CAT   L $$aUBITIE$$b20$$c20080910$$lACC01$$h0857
004226943 CAT   L $$aUBIMAM$$b20$$c20080911$$lACC01$$h1040
004226943 CAT   L $$aUBIMAM$$b20$$c20080911$$lACC01$$h1041
004226943 CAT   L $$aBATCH-UPD$$b20$$c20120512$$lACC01$$h0006
004226943 CAT   L $$aBATCH-UPD$$b20$$c20120615$$lACC01$$h1728
004226943 CAT   L $$aOAWMUS$$b20$$c20170529$$lACC01$$h0908
004226943 CAT   L $$aRDAKAT$$b90$$c20170602$$lACC01$$h1336
004226943 CAT   L $$aBATCH-UPD$$b90$$c20170630$$lACC01$$h0104
