012179157 LDR   L 00000nam#a2200000#c#4500
012179157 001   L AC12282274
012179157 003   L AT-OBV
012179157 005   L 20170704050700.0
012179157 007   L tu
012179157 008   L 150522|2015####gw############11|#|#ger#u
012179157 009   L AC12282274
012179157 0167  L $$a1070094234$$2DE-101b
012179157 020   L $$a9783631660157
012179157 020   L $$a9783653052367$$cE-Book
012179157 035   L $$a(DE-599)DNB1070094234
012179157 040   L $$aUBL$$bger$$cDNB$$dRDA$$erda
012179157 041   L $$ager
012179157 044   L $$cXA-DE
012179157 08274 L $$a193$$qDE-101$$222/ger
012179157 084   L $$a100$$qDE-101$$2sdnb
012179157 08904 L $$a193$$c193$$eDDC22ger
012179157 1112  L $$aInterdisziplinäre Fichte-Konferenz der Leibniz-Sozietät der Wissenschaften zu Berlin anlässlich des 200. Todestages des Philosophen$$d2014$$cBerlin$$0(DE-588)107077085X$$4aut
012179157 24500 L $$aDenken und Handeln$$bPhilosophie und Wissenschaft im Werk Johann Gottlieb Fichtes : Akten der Interdisziplinären Fichte-Konferenz der Leibniz-Sozietät der Wissenschaften zu Berlin am 13. November 2014 anlässlich des 200. Todestages des Philosophen im Rathaus Berlin-Mitte$$cHans-Otto Dill (Hrsg.)
012179157 24630 L $$aBeispiel 5A.07.08 | Monografie | Einzelne Einheit | Festschrift (7.2.1.3 und D-A-CH AWR für 7.2.1.3) | Konferenzschrift (7.2.1.3 und D-A-CH AWR für 7.2.1.3) | Konferenz als geistiger Schöpfer (RDA 19.2.1.1.1 und D-A-CH AWR für 19.2.1.1.1) | Mehrere Erscheinungsorte (D-A-CH AWR für 2.8.2)
012179157 264 1 L $$aFrankfurt am Main$$aBern$$aWien$$bPeter Lang Edition$$c[2015]
012179157 300   L $$a249 Seiten$$bIllustrationen
012179157 336   L $$btxt
012179157 337   L $$bn
012179157 338   L $$bnc
012179157 500   L $$aLiteraturangaben
012179157 655 7 L $$aKonferenzschrift$$0(DE-588)1071861417$$y2014$$zBerlin$$2gnd-content
012179157 655 7 L $$aFestschrift$$0(DE-588)4016928-5$$2gnd-content
012179157 68900 L $$aFichte, Johann Gottlieb$$d1762-1814$$Dp$$0(DE-588)118532847
012179157 6890  L $$5AT-OBV$$5DNB
012179157 7001  L $$aFichte, Johann Gottlieb$$d1762-1814$$0(DE-588)118532847$$4hnr
012179157 7001  L $$aDill, Hans-Otto$$d1935-$$0(DE-588)106719882$$4edt
012179157 7102  L $$aLeibniz-Sozietät der Wissenschaften zu Berlin$$0(DE-588)10198421-2$$4orm
012179157 85642 L $$mB:DE-101$$qapplication/pdf$$uhttp://d-nb.info/1070094234/04$$xDNB-TOC$$3Inhaltsverzeichnis$$oOBV-EDOC-DNBTOC
012179157 85642 L $$mX:MVB$$qapplication/pdf$$uhttp://www.peterlang.com/exportdatas/exportfiles/onix/toc/9783631660157_toc.pdf$$3Inhaltsverzeichnis
012179157 85642 L $$mX:MVB$$qapplication/pdf$$uhttp://www.peterlang.com/exportdatas/exportfiles/onix/intro/9783631660157_leseprobe01.pdf$$3Einführung/Vorwort
012179157 85642 L $$mX:MVB$$qtext/html$$uhttp://deposit.d-nb.de/cgi-bin/dokserv?id=5213831&prov=M&dok_var=1&dok_ext=htm$$3Inhaltstext
012179157 8564  L $$uhttps://wiki.dnb.de/download/attachments/106041499/Modul_5A_07_08_T.pdf?version=1&modificationDate=1463985481000&api=v2$$zVorlage
012179157 9700  L $$aRDA-Beispiel
012179157 9701  L $$c04
012179157 9740s L $$F030$$Aa||dr||||||27
012179157 9740s L $$F050$$Aa|a|||||||||||
012179157 9740s L $$F051$$Amkf|||||
012179157 CAT   L $$aUBLHAT$$b20$$c20150522$$lACC01$$h1006
012179157 CAT   L $$aBATCH-UPD$$b20$$c20150522$$lACC01$$h1007
012179157 CAT   L $$aUBLLUG$$b20$$c20150611$$lACC01$$h1005
012179157 CAT   L $$aLBOLIN$$b20$$c20150702$$lACC01$$h1104
012179157 CAT   L $$aBATCH-UPD$$b20$$c20150702$$lACC01$$h2030
012179157 CAT   L $$aUBKSIL$$b20$$c20150715$$lACC01$$h1100
012179157 CAT   L $$aLBOLIN$$b20$$c20151030$$lACC01$$h1342
012179157 CAT   L $$aRDAKAT$$b90$$c20160706$$lACC01$$h1545
012179157 CAT   L $$aRDAKAT$$b90$$c20160706$$lACC01$$h1613
012179157 CAT   L $$aRDAKAT$$b90$$c20160706$$lACC01$$h1621
012179157 CAT   L $$aRDAKAT$$b90$$c20160707$$lACC01$$h1032
012179157 CAT   L $$aRDAKAT$$b90$$c20161213$$lACC01$$h1333
012179157 CAT   L $$aRDAKAT$$b90$$c20170210$$lACC01$$h0843
012179157 CAT   L $$aRDAKAT$$b90$$c20170210$$lACC01$$h0851
012179157 CAT   L $$aRDAKAT$$b90$$c20170210$$lACC01$$h0851
012179157 CAT   L $$aBATCH-UPD$$b90$$c20170704$$lACC01$$h0507
