013649707 LDR   L 00000ncm#a2200000#c#4500
013649707 001   L AC13775207
013649707 003   L AT-OBV
013649707 005   L 20170825092900.0
013649707 007   L qu
013649707 008   L 170825|1960####xxkuu|##############zxx#u
013649707 009   L AC13775207
013649707 02822 L $$a11725
013649707 035   L $$a(DE-599)OBVAC13775207
013649707 040   L $$aUMW$$bger$$erda
013649707 041   L $$azxx
013649707 044   L $$cXA-GB
013649707 1001  L $$aJoachim, Joseph$$d1831-1907$$0(DE-588)118776223$$4cmp
013649707 24010 L $$aKadenz zum Violin-Konzert op. 77 von Johannes Brahms$$0(DE-588)1138840513
013649707 24500 L $$aKadenz zum Violin-Konzert op. 77 von Johannes Brahms$$bsolo violin = Cadenza to the violin concerto by Johannes Brahms, opus 77$$cJoachim
013649707 24631 L $$aCadenza to the violin concerto by Johannes Brahms, opus 77
013649707 24630 L $$aBeispiel 6M.03.19 | Musikdruck | Noten | Einzelne Einheit | Kadenz als Werk (RDA 6.28.17)
013649707 264 1 L $$aLondon$$aHamburg$$bN. Simrock$$c[1960?]
013649707 264 4 L $$c© 1902
013649707 300   L $$a1 Partitur (3 Seiten)
013649707 336   L $$bntm
013649707 337   L $$bn
013649707 338   L $$bnc
013649707 655 7 L $$aPartitur$$0(DE-588)4173447-6$$2gnd-music
013649707 7001  L $$aBrahms, Johannes$$d1833-1897$$0(DE-588)118514253$$4oth
013649707 8564  L $$uhttps://wiki.dnb.de/download/attachments/108533610/Modul_6_M_03_19_T.pdf$$zVorlage
013649707 9700  L $$aRDA-Beispiel
013649707 9701  L $$c57
013649707 9740s L $$F030$$Aa|1ur||||||17
013649707 9740s L $$F050$$Aa|a|||||||||||
013649707 9740s L $$F051$$Amm||||||
013649707 CAT   L $$aUMWCHR$$b20$$c20170825$$lACC01$$h0925
013649707 CAT   L $$aUMWCHR$$b20$$c20170825$$lACC01$$h0928
013649707 CAT   L $$aUMWCHR$$b20$$c20170825$$lACC01$$h0929
