006612184 LDR   L 00000nam#a2200000#c#4500
006612184 001   L AC06684726
006612184 003   L AT-OBV
006612184 005   L 20170529084600.0
006612184 007   L tu
006612184 008   L 080408|2008####gw############|||#u#ger#u
006612184 009   L AC06684726
006612184 015   L $$a07,N31,0034$$2dnb
006612184 0167  L $$a984944826$$2DE-101b
006612184 020   L $$a9783866451209$$cGb. : EUR 59.00, EUR 61.20 (AT), sfr 94.90
006612184 020   L $$a3866451202$$cGb. : EUR 59.00, EUR 61.20 (AT), sfr 94.90
006612184 0243  L $$a9783866451209
006612184 035   L $$a(DE-599)DNB984944826
006612184 040   L $$aFHJ$$bger$$dRDA$$erda
006612184 041   L $$ager
006612184 044   L $$cXA-DE-BY
006612184 08274 L $$a005.446$$qDE-101$$222/ger
006612184 084   L $$a004$$qDE-101$$2sdnb
006612184 084   L $$a54.54$$2bkl
006612184 084   L $$a54.32$$2bkl
006612184 084   L $$aST 281$$2rvk
006612184 08904 L $$a005.446$$c005.44$$d005.36$$eDDC22ger
006612184 090   L $$hh
006612184 1001  L $$aJoos, Thomas$$d1971-$$0(DE-588)111175380$$4aut
006612184 24500 L $$aMicrosoft Windows Server 2008$$bdas Handbuch$$cThomas Joos
006612184 24630 L $$aBeispiel 5A.03.09 | Monografie | Einzelne Einheit | Copyright-Jahr als Erscheinungsdatum (D-A-CH AWR für 2.8.6.6) | Parallelausgabe - Beschreibung der in Beziehung stehenden Manifestation (RDA 24.4.3) | Alternativ zu der Beschreibung von 501 -> 527z $p Erscheint auch als $n DVD-ROM-Ausgabe $a Strukturierte Beschreibung $9 IDN
006612184 264 1 L $$aUnterschleißheim$$bMicrosoft Press$$c[2008]
006612184 300   L $$a1316 Swirwn$$bIllustrationen
006612184 336   L $$btxt
006612184 337   L $$bn
006612184 338   L $$bnc
006612184 4900  L $$aInsider-Wissen - praxisnah und kompetent
006612184 500   L $$aErscheint als Set zusammen mit der eBook-Version auf Begleit-DVD unter einer gemeinsamen ISBN
006612184 68900 L $$aWindows Server 2008$$Ds$$0(DE-588)7569644-7
006612184 6890  L $$5AT-OBV$$5VBKWAK
006612184 68910 L $$aWindows Server 2008$$Ds$$0(DE-588)7569644-7
006612184 68911 L $$aDVD-ROM$$Af
006612184 6891  L $$5AT-OBV$$5VBKWAK
006612184 85642 L $$uhttp://d-nb.info/984944826/04$$xDNB-TOC$$3Inhaltsverzeichnis$$oOBV-EDOC-DNBTOC
006612184 8564  L $$uhttps://wiki.dnb.de/download/attachments/106041499/Modul_5A_03_09_T.pdf?version=1&modificationDate=1432034242000&api=v2$$zwiki dnb Vorlage 5A.03.09
006612184 9700  L $$aRDA-Beispiel
006612184 9701  L $$c24
006612184 9704  L $$bBVBKAT
006612184 9740s L $$F030$$Au|1drz|z|||17
006612184 9740s L $$F050$$Aa|a|||||||||||
006612184 9740s L $$F051$$Am|||z|||
006612184 CAT   L $$aFHJZEM$$b20$$c20080408$$lACC01$$h1237
006612184 CAT   L $$aFHJHOF$$b20$$c20080829$$lACC01$$h0857
006612184 CAT   L $$aVBKLOB$$b20$$c20081022$$lACC01$$h1434
006612184 CAT   L $$aVBKLOB$$b20$$c20081022$$lACC01$$h1435
006612184 CAT   L $$aVBKWAK$$b20$$c20081023$$lACC01$$h1159
006612184 CAT   L $$aBATCH$$b20$$c20101118$$lACC01$$h1225
006612184 CAT   L $$aBATCH-UPD$$b20$$c20120512$$lACC01$$h0132
006612184 CAT   L $$aBATCH-UPD$$b20$$c20120622$$lACC01$$h1732
006612184 CAT   L $$aKOOPKAT$$b20$$c20121026$$lACC01$$h1823
006612184 CAT   L $$aBATCH-UPD$$b20$$c20121026$$lACC01$$h1823
006612184 CAT   L $$aBATCH-UPD$$b20$$c20121026$$lACC01$$h1945
006612184 CAT   L $$aRDAKAT$$b90$$c20170120$$lACC01$$h1029
006612184 CAT   L $$aRDAKAT$$b90$$c20170120$$lACC01$$h1029
006612184 CAT   L $$aRDAKAT$$b90$$c20170120$$lACC01$$h1030
006612184 CAT   L $$aRDAKAT$$b90$$c20170316$$lACC01$$h1702
006612184 CAT   L $$aRDAKAT$$b90$$c20170529$$lACC01$$h0846
