013200179 LDR   L 00000nmm#a2200000#c#4500
013200179 001   L AC13429010
013200179 003   L AT-OBV
013200179 005   L 20170922105200.0
013200179 007   L co#|||||||||||
013200179 008   L 170120|2008####gw#########|########ger#u
013200179 009   L AC13429010
013200179 020   L $$a9783866451209
013200179 035   L $$a(DE-599)OBVAC13429010
013200179 040   L $$aRDA$$bger$$dRDA$$erda
013200179 041   L $$ager
013200179 044   L $$cXA-DE
013200179 1001  L $$aJoos, Thomas$$d1971-$$0(DE-588)111175380$$4aut
013200179 24500 L $$aMicrosoft Windows Server 2008$$bdas Handbuch$$cdas Handbuch
013200179 24630 L $$aBeispiel 5A.03.09 | Monografie | Einzelne Einheit | Copyright-Jahr (RDA 2.11.1.3) | Parallelausgabe - Beschreibung der in Beziehung stehenden Manifestation (RDA 24.4.3) | Alternativ zu der Beschreibung von 501 -> 527z $p Erscheint auch als $n Druck-Ausgabe $a Strukturierte Beschreibung $9 IDN
013200179 264 1 L $$aUnterschleißheim$$bMicrosoft Press$$c[2008]
013200179 264 4 L $$c© 2008
013200179 300   L $$a1 CD-ROM$$bIllustrationen
013200179 336   L $$btxt
013200179 337   L $$bc
013200179 338   L $$bcd
013200179 655 7 L $$aCD-ROM$$0(DE-588)4139307-7$$2gnd-carrier
013200179 77608 L $$iErscheint auch als$$nDruck-Ausgabe$$tUnterschleißheim : Microsoft Press, [2008]
013200179 8564  L $$uhttps://wiki.dnb.de/download/attachments/106041499/Modul_5A_03_09_T.pdf?version=1&modificationDate=1432034242000&api=v2$$zwiki dnb Vorlage 5A.03.09
013200179 9700  L $$aRDA-Beispiel
013200179 9701  L $$c24
013200179 9740s L $$F030$$Aa|1urr|||||17
013200179 9740s L $$F050$$A||||||||d|||||
013200179 9740s L $$F051$$Am|||||||
013200179 CAT   L $$aRDAKAT$$b90$$c20170120$$lACC01$$h1042
013200179 CAT   L $$aRDAKAT$$b90$$c20170120$$lACC01$$h1042
013200179 CAT   L $$aRDAKAT$$b90$$c20170316$$lACC01$$h1704
013200179 CAT   L $$aRDAKAT$$b90$$c20170529$$lACC01$$h0849
013200179 CAT   L $$aRDAKAT$$b90$$c20170922$$lACC01$$h1050
013200179 CAT   L $$aRDAKAT$$b90$$c20170922$$lACC01$$h1052
