012966516 LDR   L 00000nam#a2200000#c#4500
012966516 001   L AC13245356
012966516 003   L AT-OBV
012966516 005   L 20170629190700.0
012966516 007   L tu
012966516 008   L 160616|1518####fr############|||#|#lat#u
012966516 009   L AC13245356
012966516 035   L $$a(DE-599)OBVAC13245356
012966516 040   L $$aONB$$bger$$dONB$$erda
012966516 041   L $$alat
012966516 044   L $$cXA-FR
012966516 084   L $$a86.11$$2bkl
012966516 1300  L $$aCodex Iustinianus$$0(DE-588)4127108-7
012966516 24500 L $$aCodicis iustiniani imp[er]atoris cu[m] varijs legu[m] su[m]mariis diuina p[ro]mulgatio
012966516 24633 L $$aCodicis iustiniani imperatoris cum varijs legum summariis diuina promulgatio
012966516 24633 L $$aCodicis Iustiniani imperatoris cum variis legum summariis divina promulgatio
012966516 24633 L $$aCodicis iustiniani impatoris cũ varijs legũ sũmariis diuina pmulgatio
012966516 24630 L $$aJustiniani edibus divo adverso universitate domini XII universitatis parisiensis librarii diverso divi Claudii juonis iuonis ivonis
012966516 264 1 L $$a[Paris]$$bImpensis optimi viri Francisci Regnault vniuersitatis parisien[sis]$$cM.cccccxviij. die vero xij. Augusti
012966516 300   L $$acccci Blätter, 71 ungezählte Seiten$$b2 Illustrationen
012966516 336   L $$btxt
012966516 337   L $$bn
012966516 338   L $$bnc
012966516 500   L $$aErscheinungsvermerk: Paris, François Regnault 1518 [12. August]
012966516 500   L $$aVorlageform der Veröffentlichungsangabe auf dem Titelblatt: Venales Reperiuntur in edib[us] Francisci regnault sub divo Claudio ex aduerso sancti yuonis. eregione sancti Jacobi in vniuersitate Parisiensi
012966516 500   L $$aVorlageform der Veröffentlichungsangabe im Kolophon: Anno dñi. M.cccccxviij. die vero xij. Augusti. Impensis optimi viri Francisci Regnault vniuersitatis parisieñ. librarij iurati e diuerso sacelli sancti yuonis/ in vico sancti Jacobi sub signo diui Claudij morã agentis. D.G.
012966516 500   L $$aIllustrationen: Titelholzschnitt, gleicher Holzschnitt auf Blatt a3 verso. - Druckermarke auf Blatt Ee8 verso. - Titelblatt und Text in Rot-Schwarz-Druck
012966516 500   L $$aBogensignaturformel: a8 - z8, 8, A8 - X8, AA8 - EE8, A8 - D8, E4 (Blatt E4 unbedruckt)
012966516 655 7 L $$aQuelle$$0(DE-588)4135952-5$$2gnd-content
012966516 68900 L $$aCodex Iustinianus$$Du$$0(DE-588)4127108-7
012966516 6890  L $$5AT-OBV$$5ONBLOG
012966516 7000  L $$aJustinian$$nI.$$cByzantinisches Reich, Kaiser$$d482-565$$0(DE-588)11855896X$$4oth$$eAuftraggeberIn
012966516 7001  L $$aRegnault, François$$0(DE-588)1037566718$$4pbl
012966516 751   L $$aParis$$0(DE-588)4044660-8$$4pup$$2gnd
012966516 9700  L $$aRDA-Beispiel
012966516 9701  L $$c08
012966516 9740s L $$F030$$Aa|1urr|||||37
012966516 9740s L $$F050$$Aa|a|||||||||||
012966516 9740s L $$F051$$Am|||||||
012966516 CAT   L $$aONBLOG$$b20$$c20160616$$lACC01$$h1607
012966516 CAT   L $$aONBLOG$$b20$$c20160616$$lACC01$$h1609
012966516 CAT   L $$aONBLOG$$b20$$c20160616$$lACC01$$h1619
012966516 CAT   L $$aONBLOG$$b20$$c20160616$$lACC01$$h1630
012966516 CAT   L $$aBATCH-UPD$$b20$$c20160616$$lACC01$$h1630
012966516 CAT   L $$aONBLOG$$b20$$c20160616$$lACC01$$h1640
012966516 CAT   L $$aBATCH-UPD$$b20$$c20160616$$lACC01$$h1640
012966516 CAT   L $$aONBLOG$$b20$$c20160616$$lACC01$$h1643
012966516 CAT   L $$aBATCH-UPD$$b20$$c20160616$$lACC01$$h1643
012966516 CAT   L $$aONBLOG$$b20$$c20160616$$lACC01$$h1710
012966516 CAT   L $$aBATCH-UPD$$b20$$c20160616$$lACC01$$h1711
012966516 CAT   L $$aONBLOG$$b20$$c20160616$$lACC01$$h1714
012966516 CAT   L $$aONBLOG$$b20$$c20160616$$lACC01$$h1719
012966516 CAT   L $$aONBLOG$$b20$$c20160617$$lACC01$$h1430
012966516 CAT   L $$aONBLOG$$b20$$c20160621$$lACC01$$h1514
012966516 CAT   L $$aONBLOG$$b20$$c20160621$$lACC01$$h1546
012966516 CAT   L $$aONBLOG$$b20$$c20160627$$lACC01$$h1708
012966516 CAT   L $$aONBLOG$$b20$$c20160627$$lACC01$$h1931
012966516 CAT   L $$aONBLOG$$b20$$c20160627$$lACC01$$h1936
012966516 CAT   L $$aONBLOG$$b20$$c20160628$$lACC01$$h1219
012966516 CAT   L $$aONBLOG$$b20$$c20160628$$lACC01$$h1225
012966516 CAT   L $$aONBLOG$$b20$$c20160628$$lACC01$$h1821
012966516 CAT   L $$aONBLOG$$b20$$c20160629$$lACC01$$h1557
012966516 CAT   L $$aONBLOG$$b20$$c20160629$$lACC01$$h1603
012966516 CAT   L $$aONBLOG$$b20$$c20160629$$lACC01$$h1604
012966516 CAT   L $$aONBLOG$$b20$$c20160629$$lACC01$$h1610
012966516 CAT   L $$aONBLOG$$b20$$c20160629$$lACC01$$h1700
012966516 CAT   L $$aONBLOG$$b20$$c20160629$$lACC01$$h1710
012966516 CAT   L $$aONBLOG$$b20$$c20160629$$lACC01$$h2002
012966516 CAT   L $$aONBKFE$$b20$$c20160630$$lACC01$$h1156
012966516 CAT   L $$aONBLOG$$b20$$c20160630$$lACC01$$h1240
012966516 CAT   L $$aONBLOG$$b20$$c20161012$$lACC01$$h1612
012966516 CAT   L $$aONBLOG$$b20$$c20161012$$lACC01$$h1639
012966516 CAT   L $$aONBLOG$$b20$$c20161012$$lACC01$$h1647
012966516 CAT   L $$aONBKFE$$b20$$c20161014$$lACC01$$h1154
012966516 CAT   L $$aONBKFE$$b20$$c20161014$$lACC01$$h1155
012966516 CAT   L $$aBATCH-UPD$$b20$$c20170609$$lACC01$$h1753
012966516 CAT   L $$aONBLOG$$b20$$c20170629$$lACC01$$h1907
