003863654 LDR   L 00000nam#a2200000#c#4500
003863654 001   L AC03875448
003863654 003   L AT-OBV
003863654 005   L 20170630002800.0
003863654 007   L tu
003863654 008   L 031030|1976####gw############|||#|#ger#u
003863654 009   L AC03875448
003863654 020   L $$a3103381034
003863654 035   L $$a(DE-599)OBVAC03875448
003863654 040   L $$aUBW$$bger$$dRDA$$erda
003863654 041   L $$ager
003863654 044   L $$cXA-DE
003863654 084   L $$a17.97$$2bkl
003863654 084   L $$a18.10$$2bkl
003863654 084   L $$aGM 4001$$2rvk
003863654 1001  L $$aKafka, Franz$$d1883-1924$$0(DE-588)118559230$$4aut
003863654 24010 L $$aRomane$$d1883-1924
003863654 24500 L $$a<<Die>> Romane$$cFranz Kafka
003863654 24630 L $$aBeispiel 5A.02.02: Monografie | Zusammenstellung | Bevorzugter Titel für eine Zusammenstellung von Werken einer Person (RDA 6.2.2.10.2, D-A-CH AWR) | Ausgabenbezeichnung (RDA 2.5.2.3)| Erscheinungsdatum (D-A-CH AWR für 2.8.6.3)
003863654 250   L $$aSonderausgabe, Lizenzausgabe von Schocken Books Inc., New York
003863654 264 1 L $$a[Frankfurt am Main]$$bS. Fischer Verlag$$c[1976?]
003863654 300   L $$a813 Seiten
003863654 336   L $$btxt
003863654 337   L $$bn
003863654 338   L $$bnc
003863654 50580 L $$tAmerika
003863654 50580 L $$t<<Das>> Schloß
003863654 50580 L $$t<<Der>> Prozeß
003863654 70012 L $$aKafka, Franz$$d1883-1924$$t<<Der>> Verschollene$$0(DE-588)4099252-4
003863654 70012 L $$aKafka, Franz$$d1883-1924$$t<<Das>> Schloss$$0(DE-588)4099251-2
003863654 70012 L $$aKafka, Franz$$d1883-1924$$t<<Der>> Prozess$$0(DE-588)4099250-0
003863654 8564  L $$uhttps://wiki.dnb.de/download/attachments/106041499/Modul_5A_02_02_T.pdf?version=1&modificationDate=1432033908000&api=v2$$zdnb-wiki Vorlage
003863654 9700  L $$aRDA-BEISPIEL
003863654 9701  L $$c17
003863654 9740s L $$F030$$Aa|1urr|||||17
003863654 9740s L $$F050$$Aa|a|||||||||||
003863654 9740s L $$F051$$Am||||||
003863654 CAT   L $$aUBWE09$$b20$$c20031030$$lACC01$$h1520
003863654 CAT   L $$aUBWE09$$b20$$c20031030$$lACC01$$h1520
003863654 CAT   L $$aOBVSYS1$$b20$$c20101214$$lACC01$$h1340
003863654 CAT   L $$aBATCH$$b20$$c20101214$$lACC01$$h1555
003863654 CAT   L $$aFSEHEG$$b20$$c20110518$$lACC01$$h1025
003863654 CAT   L $$aRVK<>BK$$b20$$c20120125$$lACC01$$h1633
003863654 CAT   L $$aBATCH-UPD$$b20$$c20120426$$lACC01$$h1714
003863654 CAT   L $$aBATCH-UPD$$b20$$c20120511$$lACC01$$h2346
003863654 CAT   L $$aUBIBAU$$b20$$c20170404$$lACC01$$h1504
003863654 CAT   L $$aUBWREB$$b20$$c20170427$$lACC01$$h1547
003863654 CAT   L $$aUBWREB$$b20$$c20170427$$lACC01$$h1547
003863654 CAT   L $$aRDAKAT$$b90$$c20170427$$lACC01$$h1548
003863654 CAT   L $$aRDAKAT$$b90$$c20170602$$lACC01$$h1241
003863654 CAT   L $$aRDAKAT$$b90$$c20170602$$lACC01$$h1251
003863654 CAT   L $$aBATCH-UPD$$b90$$c20170630$$lACC01$$h0028
