013441771 LDR   L 00000nam#a2200000#c#4500
013441771 001   L AC13696183
013441771 003   L AT-OBV
013441771 005   L 20170511154100.0
013441771 007   L tu
013441771 008   L 170509|1820####xx############|||#|#ger#u
013441771 009   L AC13696183
013441771 035   L $$a(DE-599)OBVAC13696183
013441771 040   L $$aONB$$bger$$dRDA$$erda
013441771 041   L $$ager
013441771 044   L $$cXA-DXDE
013441771 084   L $$a86.00$$2bkl
013441771 084   L $$a86.35$$2bkl
013441771 1001  L $$aKammerer, Peter$$0(DE-588)13246778X$$4aut
013441771 24500 L $$aUeber Unrecht in Ansehung der Ehre$$cvon Peter Kammerer, der Philosophie und beyder Rechte Doktor
013441771 24630 L $$aBeispiel 6AD.15 | RDA 2.4.1 Verantwortlichkeitsangabe nicht kürzen | RDA 7.9 Hochschulschriftenvermerk
013441771 264 1 L $$aLandshut$$bgedruckt bey Franz Seraph Storno$$c1820
013441771 300   L $$a55 Seiten$$c8°
013441771 336   L $$btxt
013441771 337   L $$bn
013441771 338   L $$bnc
013441771 502   L $$bDissertation$$cUniversität Landshut. Juristische Fakultät$$d1820
013441771 655 7 L $$aHochschulschrift$$0(DE-588)4113937-9$$2gnd-content
013441771 68900 L $$aStraftat$$Ds$$0(DE-588)4057799-5
013441771 68901 L $$aEhre$$Ds$$0(DE-588)4130767-7
013441771 68902 L $$aStrafgerichtsbarkeit$$Ds$$0(DE-588)4057789-2
013441771 6890  L $$5AT-OBV$$5ONBSRD
013441771 68910 L $$aRecht$$Ds$$0(DE-588)4048737-4
013441771 68911 L $$aEhre$$Ds$$0(DE-588)4130767-7
013441771 6891  L $$5AT-OBV$$5ONBSRD
013441771 7001  L $$aStorno, Ferenc$$d1821-1907$$0(DE-588)122048083$$4pbl
013441771 8564  L $$uhttps://wiki.dnb.de/download/attachments/122262367/Modul_6_AD_15_T.pdf?version=1&modificationDate=1481034177000&api=v2$$zwiki dnb Vorlage 6AD.15
013441771 9700  L $$aRDA-Beispiel
013441771 9701  L $$c08
013441771 9740s L $$F030$$Aa|1urr|||||17
013441771 9740s L $$F050$$Aa|a|||||||||||
013441771 9740s L $$F051$$Am|||||||
013441771 CAT   L $$aONBKFE$$b20$$c20170509$$lACC01$$h1400
013441771 CAT   L $$aONBSRD$$b20$$c20170510$$lACC01$$h0940
013441771 CAT   L $$aONBSRD$$b20$$c20170510$$lACC01$$h0940
013441771 CAT   L $$aRDAKAT$$b90$$c20170511$$lACC01$$h1541
