013649666 LDR   L 00000ncm#a2200000#ca4500
013649666 001   L AC13775164
013649666 003   L AT-OBV
013649666 005   L 20170825085100.0
013649666 007   L qu
013649666 008   L 170825|19551955pl#uu|##############zxx#u
013649666 009   L AC13775164
013649666 02822 L $$aPWM 1753
013649666 035   L $$a(DE-599)OBVAC13775164
013649666 040   L $$aUMW$$bger$$dRDA$$erda
013649666 041   L $$azxx
013649666 044   L $$cXA-PL
013649666 1001  L $$aKisielewski, Stefan$$d1911-1991$$0(DE-588)119033542$$4cmp
013649666 24010 L $$aIntermezzi$$mKlarinette$$mKlavier$$0(DE-588)1063654572
013649666 24500 L $$aIntermezzo na klarnet i fortepian$$cStefan Kisielewski
013649666 24630 L $$aBeispiel 6M.03.13 | Musikdruck | Noten | Mehrteilige Monografie | Musikwerk mit nicht spezifischem Werktitel | Mehrere Datenträgertypen (D-A-CH AWR für 3.3.1.3) | Unterschied Band und Blatt (D-A-CH AWR für 3.3.1.3)
013649666 250   L $$aWyd. I
013649666 264 1 L $$aKraków$$bPolskie Wydawnictwo Muzyczne$$c[1955]
013649666 264 4 L $$c© 1955
013649666 300   L $$a1 Partitur (10 Seiten), 1 Stimme (2 Seiten)
013649666 336   L $$bntm
013649666 337   L $$bn
013649666 338   L $$bnc
013649666 338   L $$bnb
013649666 655 7 L $$aPartitur$$0(DE-588)4173447-6$$2gnd-music
013649666 655 7 L $$aStimme, Musikalische Ausgabeform$$0(DE-588)1071380443$$2gnd-music
013649666 8564  L $$uhttps://wiki.dnb.de/download/attachments/108533610/Modul_6_M_03_13_T.pdf$$zVorlage
013649666 9700  L $$aRDA-Beispiel
013649666 9701  L $$c57
013649666 9740s L $$F030$$Aa|1urr|||||17
013649666 9740s L $$F050$$Aa|a|||||||||||
013649666 9740s L $$F051$$Anm||||||
013649666 CAT   L $$aUMWCHR$$b20$$c20170825$$lACC01$$h0846
013649666 CAT   L $$aRDAKAT$$b90$$c20170825$$lACC01$$h0851
