006686795 LDR   L 00000nam#a2200000#c#4500
006686795 001   L AC06745710
006686795 003   L AT-OBV
006686795 005   L 20170726142800.0
006686795 007   L tu
006686795 008   L 080516|2008####gw############|||#|#ger#u
006686795 009   L AC06745710
006686795 015   L $$a08,N07,0737$$2dnb
006686795 0167  L $$a987336630$$2DE-101b
006686795 020   L $$a9783830434085$$cKt. : ca. sfr 27.50 (freier Pr.), ca. EUR 14.95
006686795 020   L $$a3830434081$$cKt. : ca. sfr 27.50 (freier Pr.), ca. EUR 14.95
006686795 035   L $$a(DE-599)DNB987336630
006686795 040   L $$aZBM$$bger$$cDNB$$dRDA$$erda
006686795 041   L $$ager
006686795 044   L $$cXA-DE-BW
006686795 08274 L $$a153.12$$qDE-101$$222/ger
006686795 084   L $$aBF-371$$2nlm
006686795 084   L $$a610$$qDE-101$$2sdnb
006686795 084   L $$aCP 5000$$2rvk
006686795 08904 L $$a153.12$$c153.12$$eDDC22ger
006686795 1001  L $$aKnab, Barbara$$d1953-$$0(DE-588)122096258$$4aut
006686795 24500 L $$a99 Tatsachen über Ihr Gedächtnis$$bwie es funktioniert, was es leistet, wie Sie es schützen und stärken$$cDipl.-Psych. Dr. Barbara Knab, Prof. Dr. med. Hans Förstl
006686795 24633 L $$aNeunundneunzig Tatsachen über Ihr Gedächtnis
006686795 24630 L $$aBeispiel 3.15 | Monografie | Einzelne Einheit | Ziffer im Titel (D-A-CH AWR für 2.3.6.3) | Abweichender Titel (RDA 2.3.6.3) | Zwei geistige Schöpfer | Ungewöhnliche Großschreibung Verlagsname (RDA A.2.1 und D-A-CH AWR für 1.7.1) | Copyright-Jahr (D-A-CH AWR für 2.8.6.6 und RDA 2.11)
006686795 264 1 L $$aStuttgart$$bTRIAS$$c[2008]
006686795 300   L $$a143 Seiten$$bIllustrationen, Diagramme$$c22 cm
006686795 336   L $$btxt
006686795 337   L $$bn
006686795 338   L $$bnc
006686795 500   L $$aLiteraturverzeichnis: Seite 137-138
006686795 68900 L $$aGedächtnis$$Ds$$0(DE-588)4019614-8
006686795 68901 L $$aRatgeber$$Af
006686795 68910 L $$aMnemotechnik$$Ds$$0(DE-588)4138649-8
006686795 68911 L $$aRatgeber$$Af
006686795 7001  L $$aFörstl, Hans$$d1954-$$0(DE-588)122323076$$4aut
006686795 8564  L $$uhttps://wiki.dnb.de/download/attachments/106041499/Modul_3_15_T.pdf?version=1&modificationDate=1437639938000&api=v2$$zVorlage
006686795 85642 L $$qtext/html$$uhttp://deposit.d-nb.de/cgi-bin/dokserv?id=3064741&prov=M&dok_var=1&dok_ext=htm$$3Inhaltstext
006686795 9700  L $$aRDA-Beispiel
006686795 9701  L $$c34
006686795 9704  L $$bBVBKAT
006686795 9740s L $$F030$$Aa|1urr|||||17
006686795 9740s L $$F050$$Aa|a|||||||||||
006686795 9740s L $$F051$$Am|||||||
006686795 9740u L $$V903$$a21
006686795 9740u L $$V908$$a21
006686795 CAT   L $$aZBMC33$$b20$$c20080516$$lACC01$$h1031
006686795 CAT   L $$aFHJPRA$$b20$$c20090421$$lACC01$$h1102
006686795 CAT   L $$aBATCH-UPD$$b20$$c20120512$$lACC01$$h0139
006686795 CAT   L $$aUBIBAU$$b20$$c20170411$$lACC01$$h1009
006686795 CAT   L $$aRDAKAT$$b90$$c20170707$$lACC01$$h0848
006686795 CAT   L $$aRDAKAT$$b90$$c20170707$$lACC01$$h0849
006686795 CAT   L $$aRDAKAT$$b90$$c20170707$$lACC01$$h0858
006686795 CAT   L $$aRDAKAT$$b90$$c20170707$$lACC01$$h0906
006686795 CAT   L $$aBATCH-UPD$$b90$$c20170726$$lACC01$$h1428
