012179774 LDR   L 00000nam#a2200000#c#4500
012179774 001   L AC12282896
012179774 003   L AT-OBV
012179774 005   L 20170704050700.0
012179774 007   L tu
012179774 008   L 150522|2014####au#######m####|||#|#ger#u
012179774 009   L AC12282896
012179774 015   L $$aOeBB$$2oeb
012179774 035   L $$a(DE-599)OBVAC12282896
012179774 040   L $$aUBW$$bger$$dRDA$$erda
012179774 041   L $$ager
012179774 044   L $$cXA-AT
012179774 084   L $$a11.54$$2bkl
012179774 084   L $$a11.61$$2bkl
012179774 084   L $$a86.97$$2bkl
012179774 1001  L $$aKowatsch, Andreas$$0(DE-588)1072643065$$4aut
012179774 24500 L $$aFreiheit in Gemeinschaft - Freiheit der Gemeinschaft$$bdas geltende Kirchenrecht und die alte Lehr von der "libertasEcclesiae" : zugleich ein kanonistischer Beitrag zur Einordnung der Institutionalität der Kirche in die Communio-Ekklesiologie$$cVerfasser MMag. Dr. Andreas Kowatsch, LL.M.
012179774 24630 L $$aLehre libertas ecclesiae
012179774 24630 L $$aMonografie | Einzelne Einheit | Hochschulschrift (D-A-CH AWR für 7.2.1.3) | Hochschulschriftenvermerk (RDA 7.9 und D-A-CH AWR für 7.9) | Dissertation | Erscheinungsvermerk echte Hochschulschrift (D-A-CH AWR für 2.8.2.1 und D-A-CH AWR für 2.8.4.1) | Fehler im Titel (RDA 2.3.1.4) | Getrennte Zählung | Unregelmäßige Paginierung (RDA 3.4.5.8)
012179774 264 1 L $$aWien$$c2014
012179774 300   L $$a1 Band (verschiedene Seitenzählungen)
012179774 336   L $$btxt
012179774 337   L $$bn
012179774 338   L $$bnc
012179774 500   L $$aLibertas ecclesiae in der Vorlage als "libertasEcclesiae"
012179774 502   L $$bDissertation$$cUniversität Wien$$d2014
012179774 655 7 L $$aHochschulschrift$$0(DE-588)4113937-9$$2gnd-content
012179774 68900 L $$aKirchenverfassung$$Ds$$0(DE-588)4030764-5
012179774 68901 L $$aCommunio-Ekklesiologie$$Ds$$0(DE-588)4238565-9
012179774 68902 L $$aLibertas ecclesiae$$Ds$$0(DE-588)4123651-8
012179774 68903 L $$aKanonisches Recht$$Ds$$0(DE-588)4073199-6
012179774 6890  L $$5AT-OBV$$5UBWFRA
012179774 8564  L $$uhttp://othes.univie.ac.at/35433/$$xUBW$$3Abstract am Hochschulschriftenserver der UB Wien
012179774 9700  L $$aRDA-Beispiel
012179774 9701  L $$c06
012179774 9702  L $$dHS-DISS
012179774 9710  L $$aMüller, Ludger
012179774 9711  L $$aMüller, Ludger
012179774 9711  L $$aRees, Wilhelm
012179774 9713  L $$a2014
012179774 9715  L $$aUniversität Wien$$bKatholisch-Theologische Fakultät$$cInstitut für Kirchenrecht
012179774 9716  L $$aA$$b780$$c011
012179774 9718  L $$aKirchenrecht / Staatskirchenrecht / Religionsrecht / Kirchenfreiheit / Religionsfreiheit / Ekklesiologie / Communio / Institution
012179774 9740s L $$F030$$Aa|1urr|||||17
012179774 9740s L $$F050$$Aa|a|||||||||||
012179774 9740s L $$F051$$Amu||||||
012179774 CAT   L $$aUBWZMR$$b20$$c20150522$$lACC01$$h1255
012179774 CAT   L $$aUBWSBE$$b20$$c20150616$$lACC01$$h1133
012179774 CAT   L $$aUBWFRA$$b20$$c20150619$$lACC01$$h1700
012179774 CAT   L $$aONBGLE$$b20$$c20150708$$lACC01$$h1433
012179774 CAT   L $$aONBSTC$$b20$$c20150720$$lACC01$$h1506
012179774 CAT   L $$aUBWFIL$$b20$$c20160107$$lACC01$$h1139
012179774 CAT   L $$aUBWFIL$$b20$$c20160107$$lACC01$$h1253
012179774 CAT   L $$aUBWFIL$$b20$$c20160108$$lACC01$$h0931
012179774 CAT   L $$aUBWFIL$$b20$$c20160112$$lACC01$$h1022
012179774 CAT   L $$aUBWFIL$$b20$$c20160113$$lACC01$$h1244
012179774 CAT   L $$aUBWFIL$$b20$$c20160113$$lACC01$$h1253
012179774 CAT   L $$aRDAKAT$$b90$$c20161201$$lACC01$$h1055
012179774 CAT   L $$aRDAKAT$$b90$$c20161201$$lACC01$$h1108
012179774 CAT   L $$aRDAKAT$$b90$$c20161201$$lACC01$$h1110
012179774 CAT   L $$aRDAKAT$$b90$$c20161201$$lACC01$$h1124
012179774 CAT   L $$aRDAKAT$$b90$$c20161201$$lACC01$$h1129
012179774 CAT   L $$aRDAKAT$$b90$$c20161201$$lACC01$$h1143
012179774 CAT   L $$aRDAKAT$$b90$$c20161201$$lACC01$$h1145
012179774 CAT   L $$aRDAKAT$$b90$$c20161201$$lACC01$$h1145
012179774 CAT   L $$aRDAKAT$$b90$$c20161201$$lACC01$$h1149
012179774 CAT   L $$aRDAKAT$$b90$$c20161206$$lACC01$$h0936
012179774 CAT   L $$aRDAKAT$$b90$$c20161207$$lACC01$$h1148
012179774 CAT   L $$aBATCH-UPD$$b90$$c20170704$$lACC01$$h0507
