013001423 LDR   L 00000ncm#a2200000#ca4500
013001423 001   L AC13267792
013001423 003   L AT-OBV
013001423 005   L 20170606132500.0
013001423 007   L qu
013001423 008   L 160712|20102010gw#uu|##############zxx#u
013001423 009   L AC13267792
013001423 02852 L $$a20074
013001423 035   L $$a(DE-599)OBVAC13267792
013001423 040   L $$aRDA$$bger$$dRDA$$erda
013001423 041   L $$azxx
013001423 044   L $$cXA-DE
013001423 1001  L $$aKronke, Emil$$d1865-1938$$0(DE-588)134674162$$4cmp
013001423 24010 L $$aSuite italienne$$0(DE-588)1106273818
013001423 24500 L $$aSuite italienne$$bop. 186 : für Flöte, Violoncello und Harfe$$cEmil Kronke (1865-1938)
013001423 24630 L $$aBeispiel 6M.03.12 | Musikdruck | Noten | Mehrteilige Monografie | Umfassende Beschreibung | Außerhalb der Ressource ermittelter Erscheinungsort (RDA 2.8.2.6)
013001423 264 1 L $$a[Rheinfelden]$$bEdition Kossak$$c[2010]
013001423 264 4 L $$c© 2010
013001423 300   L $$a1 Partitur (44 Seiten), 2 Stimmen
013001423 336   L $$bntm
013001423 337   L $$bn
013001423 338   L $$bnc
013001423 655 7 L $$aPartitur$$0(DE-588)4173447-6$$2gnd-music
013001423 655 7 L $$aStimme, Musikalische Ausgabeform$$0(DE-588)1071380443$$2gnd-music
013001423 8564  L $$uhttps://wiki.dnb.de/download/attachments/108533610/Modul_6_M_03_12_T.pdf$$zVorlage
013001423 9700  L $$aRDA-Beispiel
013001423 9701  L $$c57
013001423 9740s L $$F030$$Aa|1urr|||||17
013001423 9740s L $$F050$$Aa|a|||||||||||
013001423 9740s L $$F051$$Anm||||||
013001423 CAT   L $$aRDAKAT$$b90$$c20160712$$lACC01$$h1310
013001423 CAT   L $$aRDAKAT$$b90$$c20160713$$lACC01$$h1517
013001423 CAT   L $$aRDAKAT$$b90$$c20170606$$lACC01$$h1302
013001423 CAT   L $$aRDAKAT$$b90$$c20170606$$lACC01$$h1325
