013423995 LDR   L 00000nam#a2200000#c#4500
013423995 001   L AC13679637
013423995 003   L AT-OBV
013423995 005   L 20170426143800.0
013423995 007   L tu
013423995 008   L 170419|1790####gw############|||#|#ger#u
013423995 009   L AC13679637
013423995 035   L $$a(DE-599)OBVAC13679637
013423995 040   L $$aONB$$bger$$dRDA$$erda
013423995 041   L $$ager
013423995 044   L $$cXA-DE
013423995 084   L $$a17.83$$2bkl
013423995 084   L $$a76.50$$2bkl
013423995 1001  L $$aKüster, Samuel Christian$$d1730-1797$$0(DE-588)104138203$$4aut
013423995 24500 L $$a<<Der>> Freundesbund$$bEine Erzählung zur Feier des 27. Mai 1790$$cVon S.K.
013423995 24633 L $$aEine Erzählung zur Feier des 27. Mai 1790
013423995 24630 L $$aBeispiel 6AD.11
013423995 264 1 L $$aBerlin$$bgedrukt bei Johann Friedrich Unger$$c[1790]
013423995 300   L $$a14 ungezählte Seiten, 1 ungezähltes Blatt$$c8°
013423995 336   L $$btxt
013423995 337   L $$bn
013423995 338   L $$bnc
013423995 500   L $$aVerfasser ermittelt in: Katalog der SBB, Zuordnung Vater/Sohn auch in WBIS online nicht möglich, nach Text vermutlich vom Vater verfasst
013423995 500   L $$aErscheinungsjahr nach dem Datierungshinweis im Titelzusatz angegeben
013423995 500   L $$aLetztes Blatt unbedruckt, keine Lagensignatur vorhanden
013423995 68900 L $$aBerlin$$Dg$$0(DE-588)4005728-8
013423995 68901 L $$aGeselligkeit$$Ds$$0(DE-588)4136030-8
013423995 68902 L $$aVerein$$Ds$$0(DE-588)4062714-7
013423995 68903 L $$aJubiläum$$Ds$$0(DE-588)4129003-3
013423995 68904 L $$aGeschichte 1790$$Az
013423995 68905 L $$aQuelle$$Af
013423995 6890  L $$5AT-OBV$$5ONBSRD
013423995 68910 L $$aBerlin$$Dg$$0(DE-588)4005728-8
013423995 68911 L $$aVerein$$Ds$$0(DE-588)4062714-7
013423995 68912 L $$aMitglied$$Ds$$0(DE-588)4114609-8
013423995 68913 L $$aPreisgedicht$$Ds$$0(DE-588)4221202-9
013423995 68914 L $$aGeschichte 1790$$Az
013423995 68915 L $$aQuelle$$Af
013423995 6891  L $$5AT-OBV$$5ONBSRD
013423995 7001  L $$aUnger, Johann Friedrich Gottlieb$$d1753-1804$$0(DE-588)11729327X$$4prt
013423995 8564  L $$ahttps://wiki.dnb.de/download/attachments/122262367/Modul_6_AD_11_T.pdf?version=1&modificationDate=1481034177000&api=v2$$zwiki dnb Vorlage 6AD.11
013423995 9700  L $$aRDA-Beispiel
013423995 9701  L $$c56
013423995 9740s L $$F030$$Aa|1urr|||||17
013423995 9740s L $$F050$$Aa|a|||||||||||
013423995 9740s L $$F051$$Am|||||||
013423995 CAT   L $$aONBKFE$$b20$$c20170419$$lACC01$$h1729
013423995 CAT   L $$aONBKFE$$b20$$c20170419$$lACC01$$h1735
013423995 CAT   L $$aONBSRD$$b20$$c20170420$$lACC01$$h1413
013423995 CAT   L $$aRDAKAT$$b90$$c20170426$$lACC01$$h1438
