013423988 LDR   L 00000nam#a2200000#c#4500
013423988 001   L AC13679630
013423988 003   L AT-OBV
013423988 005   L 20170426143500.0
013423988 007   L tu
013423988 008   L 170419|1711####gw############|||#|#ger#u
013423988 009   L AC13679630
013423988 0247  L $$aVD18 10472088$$2vd18
013423988 035   L $$a(DE-599)OBVAC13679630
013423988 040   L $$aONB$$bger$$dRDA$$erda$$evd18
013423988 041   L $$ager$$alat$$afre
013423988 044   L $$cXA-DE
013423988 084   L $$a08.00$$2bkl
013423988 084   L $$a02.00$$2bkl
013423988 084   L $$a06.00$$2bkl
013423988 1001  L $$aLocke, John$$d1632-1704$$0(DE-588)118573748$$4aut
013423988 24010 L $$aMéthode nouvelle de dresser des recueils
013423988 24500 L $$a<<Des>> berühmten Engelländers/ Herrn Johann Locks Neuerfundene Manier/ Excerpta und Locos Communes einzurichten$$bNebst allerhand curiösen Anmerckungen : Aus dem Frantzösischen übersetzet
013423988 24633 L $$aNeuerfundene Manier/ Excerpta und Locos Communes einzurichten
013423988 24630 L $$aEngländers | Beispiel 6AD.10 | RDA 2.3.1.5 Namen von Personen ... als Teil des Titels | RDA 2.8.2.6.1 bekannter Erscheinungsort
013423988 264 1 L $$aFranckfurt und Leipzig$$a[Hamburg]$$bGedruckt und verlegt durch Johan von Wiering$$c1711
013423988 300   L $$a2 ungezählte Seiten, 30 Seiten$$c8°
013423988 336   L $$btxt
013423988 337   L $$bn
013423988 338   L $$bnc
013423988 500   L $$a"Frankfurt und Leipzig/ Gedruckt und verlegt durch Johan von Wiering, 1711." Frankfurt und Leipzig sind Messeorte. Johann von Wiering wirkte in Hamburg.
013423988 500   L $$a"First edition in German of 'A new method of making Common-Place-Books' (1706), which had first appeared in French in Le Clerc's 'Bibliothèque universelle' (1686), from which it is translated here." – COPAC
013423988 546   L $$aEnthält Text in deutsch, lateinisch und französisch
013423988 655 7 L $$aRatgeber$$0(DE-588)4048476-2$$2gnd-content
013423988 68900 L $$aNotizbuch$$Ds$$0(DE-588)4225695-1
013423988 68901 L $$aMethode$$Ds$$0(DE-588)4038971-6
013423988 68902 L $$aAnleitung$$Af
013423988 6890  L $$5AT-OBV$$5ONBSRD
013423988 68910 L $$aZitat$$Ds$$0(DE-588)4067889-1
013423988 68911 L $$aVerzeichnis$$Ds$$0(DE-588)4188171-0
013423988 68912 L $$aMethode$$Ds$$0(DE-588)4038971-6
013423988 68913 L $$aAnleitung$$Af
013423988 6891  L $$5AT-OBV$$5ONBSRD
013423988 68920 L $$aLiteratur$$Ds$$0(DE-588)4035964-5
013423988 68921 L $$aLektüre$$Ds$$0(DE-588)4035296-1
013423988 68922 L $$aZitatensammlung$$Ds$$0(DE-588)4117724-1
013423988 68923 L $$aIndex$$Ds$$0(DE-588)4161483-5
013423988 68924 L $$aAnleitung$$Af
013423988 6892  L $$5AT-OBV$$5ONBSRD
013423988 68930 L $$aWissenserwerb$$Ds$$0(DE-588)4241169-5
013423988 68931 L $$aSystematik$$Ds$$0(DE-588)4128136-6
013423988 68932 L $$aGeschichte 1706$$Az
013423988 68933 L $$aQuelle$$Af
013423988 6893  L $$5AT-OBV$$5ONBSRD
013423988 7001  L $$aWiering, Johann <<von>>$$0(DE-588)1037548868$$4pbl$$4prt
013423988 751   L $$aHamburg$$0(DE-588)4023118-5$$4pup$$2gnd
013423988 8564  L $$uhttps://wiki.dnb.de/download/attachments/122262367/Modul_6_AD_10_T.pdf?version=1&modificationDate=1481034177000&api=v2$$zwiki dnb Vorlage 6AD.10
013423988 9700  L $$aRDA-Beispiel
013423988 9701  L $$c04
013423988 9740s L $$F030$$Aa|1urr|||||17
013423988 9740s L $$F050$$Aa|a|||||||||||
013423988 9740s L $$F051$$Am|||||||
013423988 CAT   L $$aONBKFE$$b20$$c20170419$$lACC01$$h1703
013423988 CAT   L $$aONBKFE$$b20$$c20170419$$lACC01$$h1709
013423988 CAT   L $$aONBKFE$$b20$$c20170419$$lACC01$$h1713
013423988 CAT   L $$aONBKFE$$b20$$c20170419$$lACC01$$h1719
013423988 CAT   L $$aONBSRD$$b20$$c20170420$$lACC01$$h1318
013423988 CAT   L $$aONBSRD$$b20$$c20170420$$lACC01$$h1321
013423988 CAT   L $$aRDAKAT$$b90$$c20170426$$lACC01$$h1435
