013064647 LDR   L 00000nam#a2200000#c#4500
013064647 001   L AC13316837
013064647 003   L AT-OBV
013064647 005   L 20161213132600.0
013064647 007   L cr#|||||||||||
013064647 008   L 160909|2011####xxu#####o#####|||#|#ger#u
013064647 009   L AC13316837
013064647 0248  L $$aProject Gutenberg: EBook #34811
013064647 035   L $$a(DE-599)OBVAC13316837
013064647 040   L $$aRDA$$bger$$dRDA$$erda
013064647 041   L $$ager
013064647 044   L $$cXD-US
013064647 1001  L $$aMann, Thomas$$d1875-1955$$0(DE-588)118577166$$4aut
013064647 24010 L $$aBuddenbrooks$$0(DE-588)4099299-8
013064647 24500 L $$aBuddenbrooks$$bVerfall einer Familie$$cThomas Mann
013064647 24630 L $$aBeispiel 5A.05.06 | Monografie | Einzelne Einheit | Online-Ressource | Elektronische Reproduktion | Bevorzugter Titel des Werks (RDA 6.2.2) | In der Manifestation verkörpertes Werk (RDA 17.8) | Ermittelter Erscheinungsort (RDA 2.8.2.6) | In Beziehung stehende Manifestation | Strukturierte Beschreibung (RDA 27.1)
013064647 264 1 L $$a[Salt Lake City, UT]$$bProject Gutenberg$$cJanuary 1, 2011
013064647 300   L $$a1 Online-Ressource (729 Seiten)
013064647 336   L $$btxt
013064647 337   L $$bc
013064647 338   L $$bcr
013064647 77608 L $$iElektronische Reproduktion von$$aMann, Thomas$$tBuddenbrooks : Verfall einer Familie$$dBerlin$$eDeutsche Buch-Gemeinschaft GmbH$$f[1909?]
013064647 8564  L $$uhttp://www.gutenberg.org/files/34811/34811-h/34811-h.htm$$zkostenfrei$$3Volltext
013064647 9700  L $$aRDA-Beispiel
013064647 9701  L $$c56
013064647 9740s L $$F030$$Aa|1urr|||||17
013064647 9740s L $$F050$$A||||||||g|||||
013064647 9740s L $$F051$$Am|||||||
013064647 9740s L $$F058$$Acr||||||||||||
013064647 CAT   L $$aRDAKAT$$b90$$c20160909$$lACC01$$h1502
013064647 CAT   L $$aRDAKAT$$b90$$c20160909$$lACC01$$h1508
013064647 CAT   L $$aRDAKAT$$b90$$c20160909$$lACC01$$h1523
013064647 CAT   L $$aRDAKAT$$b90$$c20160909$$lACC01$$h1525
013064647 CAT   L $$aRDAKAT$$b90$$c20161021$$lACC01$$h1158
013064647 CAT   L $$aRDAKAT$$b90$$c20161213$$lACC01$$h1326
013064647 CAT   L $$aRDAKAT$$b90$$c20161213$$lACC01$$h1326
