013432395 LDR   L 00000nam#a2200000#c#4500
013432395 001   L AC13687605
013432395 003   L AT-OBV
013432395 005   L 20170511154000.0
013432395 007   L tu
013432395 008   L 170427|1773####xx############|||#|#ger#u
013432395 009   L AC13687605
013432395 0247  L $$aVD18 11041404$$2vd18
013432395 035   L $$a(DE-599)OBVAC13687605
013432395 040   L $$aONB$$bger$$dRDA$$erda$$evd18
013432395 041   L $$ager
013432395 044   L $$cXA-DXDE
013432395 084   L $$a48.01$$2bkl
013432395 084   L $$a48.03$$2bkl
013432395 1001  L $$aMayer, Johann Friedrich$$d1719-1798$$0(DE-588)104138432$$4aut
013432395 24500 L $$aLehrbuch für die Land- und Haußwirthe in der pragmatischen Geschichte der gesamten Land- und Haußwirthschafft des Hohenlohe Schillingsfürstischen Amtes Kupferzell$$cvon Johann Friedrich Mayer bey der evangelischen Gemeinde zu Kupferzell, Mitglied der Gesellschafften der Wissenschafften, der Künste, der Landwirthschafft und Oekonomie ...
013432395 24630 L $$aHauswirte Hauswirtschaft | Beispiel 6AD.13 | RDA 2.4.1.4 Kürzung von Personalangaben| RDA 3.4.5.3.1 komplizierte Paginierung
013432395 264 1 L $$aNürnberg$$bVerlegts Johann Eberhard Zeh$$c1773
013432395 300   L $$a54 ungezählte Seiten, 280 Seiten, 9 ungezählte Seiten, X gefaltete Blätter Bildtafeln$$bIllustrationen, 1 Karte$$c8°
013432395 336   L $$btxt
013432395 337   L $$bn
013432395 338   L $$bnc
013432395 500   L $$a„Mit Kupfern“ (10 Bildtafeln mit Kupferstichillustrationen und einer Kupferstichkarte, Holzschnitt- und Kupferstichillustrationen im Text)
013432395 68900 L $$aLandwirtschaft$$Ds$$0(DE-588)4034402-2
013432395 68901 L $$aGeschichte 1773$$Az
013432395 68902 L $$aRatgeber$$Af
013432395 6890  L $$5AT-OBV$$5ONBSRD
013432395 68910 L $$aBauer$$Ds$$0(DE-588)4004763-5
013432395 68911 L $$aHauswirtschaft$$Ds$$0(DE-588)4023828-3
013432395 68912 L $$aGeschichte 1773$$Az
013432395 68913 L $$aRatgeber$$Af
013432395 6891  L $$5AT-OBV$$5ONBSRD
013432395 68920 L $$aHohenlohekreis$$Dg$$0(DE-588)4025559-1
013432395 68921 L $$aLandwirtschaft$$Ds$$0(DE-588)4034402-2
013432395 68922 L $$aGeschichte$$Az
013432395 6892  L $$5AT-OBV$$5ONBSRD
013432395 7001  L $$aZeh, Johann Eberhard$$d1739-1807$$0(DE-588)138639981$$4pbl
013432395 8564  L $$uhttps://wiki.dnb.de/download/attachments/122262367/Modul_6_AD_13_T.pdf?version=1&modificationDate=1481034177000&api=v2$$zwiki dnb Vorlage 6AD.13
013432395 9700  L $$aRDA-Beispiel
013432395 9701  L $$c43
013432395 9740s L $$F030$$Aa|1urr|||||17
013432395 9740s L $$F050$$Aa|a|||||||||||
013432395 9740s L $$F051$$Am|||||||
013432395 CAT   L $$aONBKFE$$b20$$c20170427$$lACC01$$h1820
013432395 CAT   L $$aONBKFE$$b20$$c20170427$$lACC01$$h1821
013432395 CAT   L $$aONBSRD$$b20$$c20170428$$lACC01$$h0819
013432395 CAT   L $$aRDAKAT$$b90$$c20170511$$lACC01$$h1540
