013217482 LDR   L 00000njm#a2200000#cc4500
013217482 001   L AC13431792
013217482 003   L AT-OBV
013217482 005   L 20170627114900.0
013217482 007   L co#||a||||||||
013217482 007   L sd#|||||||||||
013217482 008   L 170124|2010####xxk|||##############eng#u
013217482 009   L AC13431792
013217482 020   L $$a9781444105889
013217482 035   L $$a(DE-599)OBVAC13431792
013217482 040   L $$aRDA$$bger$$dRDA$$erda
013217482 041   L $$aeng$$aafr
013217482 044   L $$cXA-GB
013217482 090   L $$ba
013217482 1001  L $$aMcDermott, Lydia M.$$0(DE-588)1111789118$$4aut$$9O:H
013217482 24500 L $$aComplete Afrikaans$$p[CDs]$$cLydia McDermott
013217482 24630 L $$aMedienkombination | Umfassende Beschreibung (RDA 1.1.4) | Analytische Beschreibung (RDA 1.1.4) |Erfassen von fingierten Titeln (RDA 2.3.2.11) | Dauer (RDA 7.22) | Erscheinungjahr D-A-CH AWR für 2.8.6.6.1
013217482 264 1 L $$aLondon$$bTeach Yourself$$c[2010]
013217482 300   L $$a2 CDs (140 min)
013217482 336   L $$bspw
013217482 337   L $$bs
013217482 338   L $$bsd
013217482 77308 L $$w(AT-OBV)AC13431643$$q2
013217482 8564  L $$uhttps://wiki.dnb.de/download/attachments/106041499/Modul_5A_01_14_T.pdf?version=1&modificationDate=1430731609000&api=v2$$zwiki dnb Vorlage 5A.01.14
013217482 9700  L $$aRDA-Beispiel
013217482 9701  L $$c22
013217482 9740s L $$F030$$Aa|1urr|||||||
013217482 9740s L $$F050$$A|||||aa|||||||
013217482 9740s L $$F051$$A||||||||
013217482 CAT   L $$aRDAKAT$$b90$$c20170124$$lACC01$$h0949
013217482 CAT   L $$aRDAKAT$$b90$$c20170124$$lACC01$$h0949
013217482 CAT   L $$aRDAKAT$$b90$$c20170308$$lACC01$$h1336
013217482 CAT   L $$aRDAKAT$$b90$$c20170529$$lACC01$$h0841
013217482 CAT   L $$aRDAKAT$$b90$$c20170627$$lACC01$$h1148
013217482 CAT   L $$aRDAKAT$$b90$$c20170627$$lACC01$$h1149
