013217428 LDR   L 00000nam#a2200000#cc4500
013217428 001   L AC13431739
013217428 003   L AT-OBV
013217428 005   L 20170529084000.0
013217428 007   L tu
013217428 008   L 170124|2010####xxk###########|||#|#eng#u
013217428 009   L AC13431739
013217428 020   L $$a9781444105865
013217428 035   L $$a(DE-599)OBVAC13431739
013217428 040   L $$aRDA$$bger$$dRDA$$erda
013217428 041   L $$aeng$$aafr
013217428 044   L $$cXA-GB
013217428 1001  L $$aMcDermott, Lydia M.$$0(DE-588)1111789118$$4aut$$9O:H
013217428 24500 L $$aComplete Afrikaans$$p[Band]$$cLydia McDermott
013217428 24630 L $$aBeispiel 5A.01.14 | Medienkombination | Analytische Beschreibung (RDA 1.1.4) | Erfassen von fingierten Titeln (RDA 2.3.2.11)
013217428 264 1 L $$aLondon$$bTeach Yourself$$c2010
013217428 300   L $$aXXII, 345 Seiten$$bIllustrationen
013217428 336   L $$btxt
013217428 337   L $$bn
013217428 338   L $$bnc
013217428 77308 L $$w(AT-OBV)AC13431643$$q1
013217428 8564  L $$uhttps://wiki.dnb.de/download/attachments/106041499/Modul_5A_01_14_T.pdf?version=1&modificationDate=1430731609000&api=v2$$zwiki dnb Vorlage 5A.01.14
013217428 9700  L $$aRDA-Beispiel
013217428 9701  L $$c22
013217428 9740s L $$F030$$Aa|1urr|||||||
013217428 9740s L $$F050$$Aa|a|||||||||||
013217428 9740s L $$F051$$A||||||||
013217428 CAT   L $$aRDAKAT$$b90$$c20170124$$lACC01$$h0930
013217428 CAT   L $$aRDAKAT$$b90$$c20170308$$lACC01$$h1336
013217428 CAT   L $$aRDAKAT$$b90$$c20170316$$lACC01$$h1713
013217428 CAT   L $$aRDAKAT$$b90$$c20170529$$lACC01$$h0840
