013217336 LDR   L 00000nom#a2200000#ca4500
013217336 001   L AC13431643
013217336 003   L AT-OBV
013217336 005   L 20170627115000.0
013217336 007   L ou
013217336 008   L 170124|20102010xxk|||############||eng#u
013217336 009   L AC13431643
013217336 035   L $$a(DE-599)OBVAC13431643
013217336 040   L $$aRDA$$bger$$dRDA$$erda
013217336 041   L $$aeng$$aafr
013217336 044   L $$cXA-GB
013217336 1001  L $$aMcDermott, Lydia M.$$0(DE-588)1111789118$$4aut
013217336 24500 L $$aComplete Afrikaans$$cLydia McDermott
013217336 24630 L $$aBeispiel 5A.01.14 | Medienkombination | Hierarchische Beschreibung (RDA 1.1.4) | Umfassende Beschreibung - Ressource, die in mehreren Teilen erscheint (RDA 2.1.2.3)
013217336 264 1 L $$aLondon$$bTeach Yourself$$c2010
013217336 336   L $$btxt$$81\x
013217336 336   L $$bspw$$82\x
013217336 337   L $$bn$$81\x
013217336 337   L $$bs$$82\x
013217336 338   L $$bnc$$81\x
013217336 338   L $$bsd$$82\x
013217336 521   L $$aAnfänger bis Level 4
013217336 8564  L $$uhttps://wiki.dnb.de/download/attachments/106041499/Modul_5A_01_14_T.pdf?version=1&modificationDate=1430731609000&api=v2$$zwiki dnb Vorlage 5A.01.14
013217336 9700  L $$aRDA-Beispiel
013217336 9701  L $$c22
013217336 9740s L $$F030$$Aa|1urr|||||17
013217336 9740s L $$F050$$A|||||||a||||||
013217336 9740s L $$F051$$An|||||||
013217336 CAT   L $$aRDAKAT$$b90$$c20170124$$lACC01$$h0902
013217336 CAT   L $$aRDAKAT$$b90$$c20170124$$lACC01$$h0902
013217336 CAT   L $$aRDAKAT$$b90$$c20170124$$lACC01$$h0903
013217336 CAT   L $$aRDAKAT$$b90$$c20170124$$lACC01$$h0922
013217336 CAT   L $$aRDAKAT$$b90$$c20170124$$lACC01$$h0925
013217336 CAT   L $$aRDAKAT$$b90$$c20170309$$lACC01$$h0924
013217336 CAT   L $$aRDAKAT$$b90$$c20170316$$lACC01$$h1713
013217336 CAT   L $$aRDAKAT$$b90$$c20170316$$lACC01$$h1714
013217336 CAT   L $$aRDAKAT$$b90$$c20170529$$lACC01$$h0840
013217336 CAT   L $$aRDAKAT$$b90$$c20170627$$lACC01$$h1146
013217336 CAT   L $$aRDAKAT$$b90$$c20170627$$lACC01$$h1147
013217336 CAT   L $$aRDAKAT$$b90$$c20170627$$lACC01$$h1150
