011022631 LDR   L 00000nam#a2200000#c#4500
011022631 001   L AC11025051
011022631 003   L AT-OBV
011022631 005   L 20170704035100.0
011022631 007   L tu
011022631 008   L 130902|2014####gw############|||#u#ger#u
011022631 009   L AC11025051
011022631 0167  L $$a1034177516$$2DE-101b
011022631 020   L $$a9783832197179
011022631 020   L $$a3832197176
011022631 035   L $$a(DE-599)DNB1034177516
011022631 040   L $$aUBW$$bger$$cDNB$$dRDA$$erda
011022631 041   L $$ager
011022631 044   L $$cXA-DE
011022631 08274 L $$a895.635$$qLBOLIN$$222/ger
011022631 084   L $$a18.91$$2bkl
011022631 084   L $$a17.97$$2bkl
011022631 084   L $$aEI 6196$$2rvk
011022631 090   L $$hh
011022631 1001  L $$aMurakami, Haruki$$d1949-$$0(DE-588)119037092$$4aut
011022631 24010 L $$aToshokan kitan$$0(DE-588)110657334X
011022631 24500 L $$a<<Die>> unheimliche Bibliothek$$cHaruki Murakami ; aus dem Japanischen von Ursula Gräf ; mit Illustrationen von Kat Menschik
011022631 24630 L $$a2013
011022631 24630 L $$aBeispiel 3.10 | Monogafie | Einzelne Einheit | Übersetzer (RDA 20.2.1.3 D-A-CH) | Übersetzung - Bevorzugter Titel des Werks (RDA 6.2.2) | Zwei Inhaltstypen ((RDA 6.9.1.3 D-A-CH)
011022631 250   L $$aErste Auflage
011022631 264 1 L $$aKöln$$bDuMont$$c2014
011022631 300   L $$a63 Seiten$$bIllustrationen$$c22 cm
011022631 336   L $$btxt
011022631 336   L $$bsti
011022631 337   L $$bn
011022631 338   L $$bnc
011022631 500   L $$a"© 2013 die deutsche Ausgabe: DuMont Buchverlag Köln"
011022631 7001  L $$aGräfe, Ursula$$d1956-$$0(DE-588)13004296X$$4trl
011022631 7001  L $$aMenschik, Kat$$d1968-$$0(DE-588)124028136$$4ill
011022631 85642 L $$mX:MVB$$qtext/html$$uhttp://deposit.d-nb.de/cgi-bin/dokserv?id=4310990&prov=M&dok_var=1&dok_ext=htm$$3Inhaltstext
011022631 8564  L $$uhttps://wiki.dnb.de/download/attachments/106041499/Modul_3_10_T.pdf?version=2&modificationDate=1458311764000&api=v2$$zdnb-wiki Vorlage
011022631 9700  L $$aRDA-Beispiel
011022631 9701  L $$c56
011022631 9740s L $$F030$$Aa|1drz|z|||17
011022631 9740s L $$F050$$Aa|a|||||||||||
011022631 9740s L $$F051$$Am|||z|||
011022631 CAT   L $$aUBWGEC$$b20$$c20130902$$lACC01$$h1514
011022631 CAT   L $$aUBWGEC$$b20$$c20130902$$lACC01$$h1515
011022631 CAT   L $$aUBWVEL$$b20$$c20130903$$lACC01$$h1310
011022631 CAT   L $$aLBOLIN$$b20$$c20130903$$lACC01$$h1438
011022631 CAT   L $$aUBWS11$$b20$$c20130905$$lACC01$$h0954
011022631 CAT   L $$aONBSYK$$b20$$c20130918$$lACC01$$h1015
011022631 CAT   L $$aONBSUS$$b20$$c20131002$$lACC01$$h1106
011022631 CAT   L $$aLBOPEH$$b20$$c20131017$$lACC01$$h1711
011022631 CAT   L $$aUBIAMA$$b20$$c20131022$$lACC01$$h1515
011022631 CAT   L $$aUBKSIL$$b20$$c20131105$$lACC01$$h1030
011022631 CAT   L $$aRDAKAT$$b90$$c20170608$$lACC01$$h0928
011022631 CAT   L $$aRDAKAT$$b90$$c20170608$$lACC01$$h0931
011022631 CAT   L $$aRDAKAT$$b90$$c20170608$$lACC01$$h0936
011022631 CAT   L $$aRDAKAT$$b90$$c20170608$$lACC01$$h0956
011022631 CAT   L $$aBATCH-UPD$$b90$$c20170704$$lACC01$$h0351
