011015922 LDR   L 00000nam#a2200000#ca4500
011015922 001   L AC11018337
011015922 003   L AT-OBV
011015922 005   L 20170711085300.0
011015922 007   L tu
011015922 008   L 130826|20142015au############|||#|#ger#u
011015922 009   L AC11018337
011015922 015   L $$a13,N26$$2dnb
011015922 0167  L $$a1036282317$$2DE-101b
011015922 020   L $$a9783703008948
011015922 035   L $$a(DE-599)DNB1036282317
011015922 040   L $$aUBG$$bger$$cDNB$$dRDA$$erda
011015922 041   L $$ager
011015922 044   L $$cXA-AT
011015922 08274 L $$a943.645$$qDE-101$$222/ger
011015922 084   L $$a940$$qDE-101$$2sdnb
011015922 084   L $$a15.60$$2bkl
011015922 084   L $$aNR 8362$$2rvk
011015922 08904 L $$a943.645$$c943.6$$eDDC22ger$$g43645
011015922 1001  L $$aNiederstätter, Alois$$d1955-$$0(DE-588)12382365X$$4aut
011015922 24500 L $$aGeschichte Vorarlbergs$$cAlois Niederstätter
011015922 24630 L $$aBeispiel 5A.01.06 | Mehrteilige Monografie | TUT - Teile mit unabhängigem Titel - Stücktitel (D-A-CH AWR für 1.5.4) | Änderung der Verantwortlichkeit (RDA 18.4.2.1) | Ermitteltes Erscheinungsjahr (RDA 2.8.6.5, RDA 2.8.6.5 D-A-CH und RDA 2.8.6.6 D-A-CH)
011015922 264 1 L $$aInnsbruck$$bUniversitätsverlag Wagner$$c[2014-2015]
011015922 300   L $$a3 Bände$$c24 cm
011015922 336   L $$btxt
011015922 337   L $$bn
011015922 338   L $$bnc
011015922 500   L $$aBand 3 verfasst von Meinrad Pichler
011015922 591   L $$aISBN von Schachtel. Ende 2015 ist eine Edition in einer Schachtel erschienen. Die Bände sind unverändert - auch die Auflage, bzw. Erscheinungsjahr
011015922 68900 L $$aVorarlberg$$Dg$$0(DE-588)4063944-7
011015922 68901 L $$aGeschichte$$Az
011015922 6890  L $$5AT-OBV$$5UBIKIN
011015922 7001  L $$aPichler, Meinrad$$d1947-$$0(DE-588)124457711$$4aut
011015922 8564  L $$uhttps://wiki.dnb.de/download/attachments/106041499/Modul_5A_01_06_T.pdf?version=3&modificationDate=1458643179000&api=v2$$zVorlage
011015922 9700  L $$aRDA-Beispiel
011015922 9701  L $$c54
011015922 9740s L $$F030$$Aa|1urr|||||17
011015922 9740s L $$F050$$Aa|a|||||||||||
011015922 9740s L $$F051$$An|||||||
011015922 CAT   L $$aUBGBAS$$b20$$c20130826$$lACC01$$h1037
011015922 CAT   L $$aVBKKRO$$b20$$c20130830$$lACC01$$h0832
011015922 CAT   L $$aUBIKIN$$b20$$c20140108$$lACC01$$h1137
011015922 CAT   L $$aUBGBAS$$b20$$c20140109$$lACC01$$h1101
011015922 CAT   L $$aUBWTEH$$b20$$c20140113$$lACC01$$h1614
011015922 CAT   L $$aUBIDRD$$b20$$c20140114$$lACC01$$h1330
011015922 CAT   L $$aKOOPKAT$$b20$$c20140124$$lACC01$$h2114
011015922 CAT   L $$aVBKKRO$$b20$$c20140203$$lACC01$$h1540
011015922 CAT   L $$aUBWFRA$$b20$$c20140207$$lACC01$$h1422
011015922 CAT   L $$aONBSUW$$b20$$c20140228$$lACC01$$h1218
011015922 CAT   L $$aUBITIE$$b20$$c20140410$$lACC01$$h1326
011015922 CAT   L $$aVBKKRO$$b20$$c20150625$$lACC01$$h0950
011015922 CAT   L $$aVBKKRO$$b20$$c20150625$$lACC01$$h0954
011015922 CAT   L $$aUBWSBE$$b20$$c20150819$$lACC01$$h1359
011015922 CAT   L $$aUBWSBE$$b20$$c20150819$$lACC01$$h1359
011015922 CAT   L $$aUBWSBE$$b20$$c20150819$$lACC01$$h1401
011015922 CAT   L $$aUBWFRA$$b20$$c20150821$$lACC01$$h1104
011015922 CAT   L $$aUBIAMA$$b20$$c20150930$$lACC01$$h1217
011015922 CAT   L $$aUBIAMA$$b20$$c20150930$$lACC01$$h1218
011015922 CAT   L $$aUBWSBE$$b20$$c20151109$$lACC01$$h1306
011015922 CAT   L $$aONBWUM$$b20$$c20151216$$lACC01$$h0857
011015922 CAT   L $$aONBSIE$$b20$$c20160217$$lACC01$$h1518
011015922 CAT   L $$aBATCH-UPD$$b20$$c20170704$$lACC01$$h0351
011015922 CAT   L $$aRDAKAT$$b90$$c20170710$$lACC01$$h1105
011015922 CAT   L $$aRDAKAT$$b90$$c20170710$$lACC01$$h1107
011015922 CAT   L $$aRDAKAT$$b90$$c20170710$$lACC01$$h1110
011015922 CAT   L $$aRDAKAT$$b90$$c20170711$$lACC01$$h0853
