011020927 LDR   L 00000nam#a2200000#cb4500
011020927 001   L AC11023375
011020927 003   L AT-OBV
011020927 005   L 20170710111300.0
011020927 007   L tu
011020927 008   L 130830|2014####au############|||#|#ger#u
011020927 009   L AC11023375
011020927 015   L $$aOeB2014,A,06 943.6$$2oeb
011020927 020   L $$a9783703008191$$cgeb. : EUR 29,90 ; CHF 40,90
011020927 0243  L $$a9783703008191
011020927 035   L $$a(DE-599)OBVAC11023375
011020927 040   L $$aVBK$$bger$$dRDA$$erda
011020927 041   L $$ager
011020927 044   L $$cXA-AT
011020927 090   L $$ab
011020927 1001  L $$aNiederstätter, Alois$$d1955-$$0(DE-588)12382365X$$4aut
011020927 24500 L $$aVorarlberg im Mittelalter$$cAlois Niederstätter
011020927 24630 L $$aBeispiel 5A.01.06 | Mehrteilige Monografie | TUT - Teile mit unabhängigem Titel - Stücktitel (D-A-CH AWR für 1.5.4) | Zählung der Reihe (RDA 2.12.9.3 und D-A-CH AWR für 2.12.9.3) | Ermitteltes Erscheinungsjahr (RDA 2.8.6.5, RDA 2.8.6.5 D-A-CH und RDA 2.8.6.6 D-A-CH)
011020927 264 1 L $$aInnsbruck$$bUniversitätsverlag Wagner$$c[2014]
011020927 300   L $$a341 Seiten$$bIllustrationen, Karten, Notenbeispiele
011020927 336   L $$btxt
011020927 337   L $$bn
011020927 338   L $$bnc
011020927 4901  L $$aGeschichte Vorarlbergs / Alois Niederstätter$$vBand 1
011020927 500   L $$aVerzeichnis der gedruckten Quellen und der Literatur: Seite 289-323
011020927 830 0 L $$w(AT-OBV)AC11018337$$v1$$9O:1
011020927 85642 L $$mB:DE-101$$qapplication/pdf$$uhttp://d-nb.info/1036282317/04$$xDNB-TOC$$3Inhaltsverzeichnis$$oOBV-EDOC-DNBTOC
011020927 8564  L $$uhttps://wiki.dnb.de/download/attachments/106041499/Modul_5A_01_06_T.pdf?version=3&modificationDate=1458643179000&api=v2$$zVorlage
011020927 9700  L $$aRDA-Beispiel
011020927 9701  L $$c54
011020927 9740s L $$F030$$Aa|1urr|||||17
011020927 9740s L $$F050$$Aa|b|||||||||||
011020927 9740s L $$F051$$As|||||||
011020927 CAT   L $$aVBKKRO$$b20$$c20130830$$lACC01$$h0832
011020927 CAT   L $$aUBIKHM$$b20$$c20131219$$lACC01$$h1455
011020927 CAT   L $$aUBIKHM$$b20$$c20131219$$lACC01$$h1502
011020927 CAT   L $$aUBGBAS$$b20$$c20140109$$lACC01$$h1100
011020927 CAT   L $$aONBFIS$$b20$$c20140109$$lACC01$$h1241
011020927 CAT   L $$aUBWU05$$b20$$c20140113$$lACC01$$h0939
011020927 CAT   L $$aVBKKRO$$b20$$c20140203$$lACC01$$h1544
011020927 CAT   L $$aBATCH-UPD$$b20$$c20140203$$lACC01$$h1945
011020927 CAT   L $$aUBSSUK$$b20$$c20140227$$lACC01$$h1319
011020927 CAT   L $$aONBSUW$$b20$$c20140228$$lACC01$$h1218
011020927 CAT   L $$aUBWFRA$$b20$$c20150821$$lACC01$$h1103
011020927 CAT   L $$aVBKKRO$$b20$$c20151020$$lACC01$$h1032
011020927 CAT   L $$aVBKKRO$$b20$$c20151109$$lACC01$$h1631
011020927 CAT   L $$aLBOPEH$$b20$$c20151120$$lACC01$$h1340
011020927 CAT   L $$aONBSIE$$b20$$c20160217$$lACC01$$h1344
011020927 CAT   L $$aONBSIE$$b20$$c20160217$$lACC01$$h1344
011020927 CAT   L $$aONBSIE$$b20$$c20160217$$lACC01$$h1516
011020927 CAT   L $$aBATCH-UPD$$b20$$c20170704$$lACC01$$h0351
011020927 CAT   L $$aRDAKAT$$b90$$c20170710$$lACC01$$h1112
011020927 CAT   L $$aRDAKAT$$b90$$c20170710$$lACC01$$h1113
