013440941 LDR   L 00000nai#a2200000#ca4500
013440941 001   L AC13695345
013440941 003   L AT-OBV
013440941 005   L 20170509095800.0
013440941 007   L td
013440941 008   L 170509|20022009gw##|#l#######|####2ger#u
013440941 009   L AC13695345
013440941 020   L $$a9783824571307$$cLoseblattsammlung
013440941 020   L $$a3824571307$$cLoseblattsammlung
013440941 035   L $$a(DE-599)OBVAC13695345
013440941 040   L $$aRDA$$bger$$erda
013440941 041   L $$ager
013440941 044   L $$cXA-DE
013440941 24500 L $$aWindows Security Administration$$cPeter M. Oden (Hrsg.)
013440941 24630 L $$aBeispiel 5A.04.01 | Beispiel 5A.04.02 | Beispiel 5A.04.03 | Loseblattausgabe | Loseblattsammlung | Integrierende Ressource (RDA 1.1.3) | Mehrteilige Monografie | Mehrbändiges Werk | Umfassende Beschreibung (RDA 1.5.2 d, RDA 2.1.2.4) | Latest Entry Prinzip (D-A-CH AWR für 2.1.2.3) | Titeländerung (RDA 6.1.3.3.2, RDA 2.3.2.12.3, RDA 2.3.7) | Iteration, Stand (RDA 2.17.13.4) | Änderung der Verantwortlichkeit (RDA 18.4.2.3) | Änderung Veröffentlichungsangabe (RDA 2.8.1.5.3) | Identifikator (RDA 2.15.1.7) | Umfang (RDA 3.4.1.10, D-A-CH AWR für 3.4.1.3, RDA 3.4.5.2) | Erscheinungsfrequenz (RDA 2.14.1.3, RDA 2.17.12.3, RDA 2.17.12.4) | Parallelausgabe (RDA 27.1.1.3)
013440941 24700 L $$aPraxishandbuch Windows Security Administration$$gEarliest title
013440941 264 1 L $$aKissing$$bWEKA Media GmbH & Co. KG$$c[2002]-Dezember 2009
013440941 300   L $$a2 Bände (Loseblattsammlung)
013440941 336   L $$btxt
013440941 337   L $$bn
013440941 338   L $$bnc
013440941 4900  L $$aWEKA Praxislösungen
013440941 500   L $$aVeröffentlicht von: Interest Verlag, Augsburg, 2002-2006
013440941 500   L $$aErscheint vierteljährlich
013440941 500   L $$aIdentifizierung der Ressource nach: Grundwerk/Aktualisierungslieferung Stand: Dezember 2009
013440941 500   L $$aHaupttitel 2002-2006: Praxishandbuch Windows Security Administration
013440941 500   L $$aBis Aktualisierung April 2004 herausgegeben von Kevin F. Johnson
013440941 7001  L $$aOden, Peter M.$$4edt
013440941 7001  L $$aJohnson, Kevin F.$$4edt
013440941 77608 L $$iErscheint auch als$$nCD-ROM-Ausgabe$$tWindows Security Administration / Peter M. Oden (Hrsg.). - Kissing : WEKA Media GmbH & Co. KG, 2009
013440941 8564  L $$uhttps://wiki.dnb.de/download/attachments/106041499/Modul_5A_04_01_T.pdf$$zVorlage Grundwerk
013440941 8564  L $$uhttps://wiki.dnb.de/download/attachments/106041499/Modul_5A_04_02_T.pdf$$zVorlage Update
013440941 8564  L $$uhttps://wiki.dnb.de/download/attachments/106041499/Modul_5A_04_03_T.pdf$$zVorlage abgeschlossenes Werk
013440941 9700  L $$aRDA-Beispiel
013440941 9701  L $$c24
013440941 9740s L $$F030$$Aa|1urr|||||37
013440941 9740s L $$F050$$Aa|a|||||||||||
013440941 9740s L $$F051$$Ano||||||
013440941 CAT   L $$aRDAKAT$$b90$$c20170509$$lACC01$$h0847
013440941 CAT   L $$aRDAKAT$$b90$$c20170509$$lACC01$$h0853
013440941 CAT   L $$aRDAKAT$$b90$$c20170509$$lACC01$$h0856
013440941 CAT   L $$aRDAKAT$$b90$$c20170509$$lACC01$$h0927
013440941 CAT   L $$aRDAKAT$$b90$$c20170509$$lACC01$$h0931
013440941 CAT   L $$aRDAKAT$$b90$$c20170509$$lACC01$$h0945
013440941 CAT   L $$aRDAKAT$$b90$$c20170509$$lACC01$$h0949
013440941 CAT   L $$aRDAKAT$$b90$$c20170509$$lACC01$$h0958
