012425606 LDR   L 00000nam#a2200000#cb4500
012425606 001   L AC12711515
012425606 003   L AT-OBV
012425606 005   L 20170704052800.0
012425606 007   L tu
012425606 008   L 151211|2016####gw#######m####|||#|#ger#u
012425606 009   L AC12711515
012425606 015   L $$a15,N25$$2dnb
012425606 0167  L $$a107209276X$$2DE-101b
012425606 020   L $$a9783110440072$$cGb. : EUR 129.95 (DE), EUR 133.60 (AT), sfr 175.00 (freier Pr.)
012425606 020   L $$a3110440075
012425606 020   L $$a9783110432275$$cpdf
012425606 020   L $$a9783110432428$$cepub
012425606 0243  L $$a9783110440072
012425606 035   L $$a(DE-599)DNB107209276X
012425606 040   L $$aUBW$$bger$$dRDA$$erda
012425606 041   L $$ager$$alat
012425606 044   L $$cXA-DE
012425606 0827  L $$a872.04$$222
012425606 084   L $$a18.47$$2bkl
012425606 084   L $$a17.78$$2bkl
012425606 084   L $$aEC 7655$$2rvk
012425606 084   L $$aFZ 90000$$2rvk
012425606 08904 L $$a872.04$$c872$$eDDC22ger
012425606 1001  L $$aPaul, Stefanie$$4aut
012425606 24500 L $$aIgnaz Weitenauers neulateinische Tragödie "Annibal moriens"$$bAusgabe, Übersetzung und Interpretation$$cStefanie Paul
012425606 24630 L $$aHochschulschrift (D-A-CH AWR für 7.2.1.3) | Dissertation | Verlagsausgabe (RDA-Hochschulschriftenbearbeitung im OBV) | Kommentar | Kommentiertes Werk (RDA-Hochschulschriftenbearbeitung im OBV, Ergänzung 5.5.2) | Bearbeitung (RDA-Hochschulschriftenbearbeitung im OBV, Ergänzung 5.5) | Edition (RDA-Hochschulschriftenbearbeitung im OBV, Ergänzung 5.5.2) | Monografische Reihe - TUT - Stücktitel
012425606 264 1 L $$aBerlin$$aBoston$$bDe Gruyter$$c[2016]
012425606 300   L $$axi, 633 Seiten$$c24 cm
012425606 336   L $$btxt
012425606 337   L $$bn
012425606 338   L $$bnc
012425606 4901  L $$aBeiträge zur Altertumskunde$$vBand 343
012425606 500   L $$aÜberarbeitete Fassung der Dissertation
012425606 502   L $$bDissertation$$cUniversität Regensburg$$d2014
012425606 546   L $$aText lateinisch und deutsch, Einleitung und Interpretation deutsch
012425606 653   L $$aHardback
012425606 653   L $$aFachpublikum / Wissenschaft
012425606 653   L $$aLIT004190
012425606 653   L $$a1567: Hardcover, Softcover / Klassische Sprachwissenschaft, Literaturwissenschaft
012425606 655 7 L $$aHochschulschrift$$0(DE-588)4113937-9$$2gnd-content
012425606 655 7 L $$aKommentar$$0(DE-588)4136710-8$$2gnd-content
012425606 68900 L $$aWeitenauer, Ignaz$$d1709-1783$$tAnnibal moriens$$Dp$$0(DE-588)1079826181
012425606 6890  L $$5AT-OBV$$5DNB UBITHP
012425606 70012 L $$aWeitenauer, Ignaz$$d1709-1783$$tAnnibal moriens$$0(DE-588)1079826181
012425606 830 0 L $$w(AT-OBV)AC00156549$$v343$$9O:1
012425606 85642 L $$uhttp://deposit.d-nb.de/cgi-bin/dokserv?id=5289295&prov=M&dok_var=1&dok_ext=htm$$mX:MVB$$qtext/html$$3Inhaltstext
012425606 9700  L $$aRDA-Beispiel
012425606 9701  L $$c20
012425606 9704  L $$bBVBKAT
012425606 9740s L $$F030$$Aa|1urr|||||17
012425606 9740s L $$F050$$Aa|a|||||||||||
012425606 9740s L $$F051$$Asu||||||
012425606 CAT   L $$aUBWR11$$b20$$c20151211$$lACC01$$h1256
012425606 CAT   L $$aUBWR11$$b20$$c20151211$$lACC01$$h1257
012425606 CAT   L $$aBATCH-UPD$$b20$$c20151212$$lACC01$$h0134
012425606 CAT   L $$aUBWVEL$$b20$$c20151215$$lACC01$$h0912
012425606 CAT   L $$aUBWR33$$b20$$c20160107$$lACC01$$h1526
012425606 CAT   L $$aUBWR33$$b20$$c20160107$$lACC01$$h1527
012425606 CAT   L $$aUBWR33$$b20$$c20160107$$lACC01$$h1528
012425606 CAT   L $$aUBWR33$$b20$$c20160321$$lACC01$$h1526
012425606 CAT   L $$aUBWR33$$b20$$c20160321$$lACC01$$h1529
012425606 CAT   L $$aUBWR33$$b20$$c20160321$$lACC01$$h1534
012425606 CAT   L $$aUBWR33$$b20$$c20160321$$lACC01$$h1535
012425606 CAT   L $$aUBIBER$$b20$$c20160401$$lACC01$$h1425
012425606 CAT   L $$aUBITHP$$b20$$c20160407$$lACC01$$h1539
012425606 CAT   L $$aKOOPKAT$$b20$$c20160626$$lACC01$$h0009
012425606 CAT   L $$aOAWMUS$$b20$$c20161110$$lACC01$$h1512
012425606 CAT   L $$aRDAKAT$$b90$$c20161110$$lACC01$$h1523
012425606 CAT   L $$aRDAKAT$$b90$$c20161110$$lACC01$$h1616
012425606 CAT   L $$aRDAKAT$$b90$$c20161110$$lACC01$$h1712
012425606 CAT   L $$aRDAKAT$$b90$$c20161207$$lACC01$$h1208
012425606 CAT   L $$aRDAKAT$$b90$$c20161207$$lACC01$$h1218
012425606 CAT   L $$aRDAKAT$$b90$$c20161207$$lACC01$$h1414
012425606 CAT   L $$aRDAKAT$$b90$$c20161207$$lACC01$$h1414
012425606 CAT   L $$aRDAKAT$$b90$$c20161207$$lACC01$$h1438
012425606 CAT   L $$aRDAKAT$$b90$$c20161207$$lACC01$$h1441
012425606 CAT   L $$aRDAKAT$$b90$$c20161207$$lACC01$$h1458
012425606 CAT   L $$aRDAKAT$$b90$$c20161213$$lACC01$$h1319
012425606 CAT   L $$aRDAKAT$$b90$$c20161213$$lACC01$$h1323
012425606 CAT   L $$aRDAKAT$$b90$$c20170316$$lACC01$$h1727
012425606 CAT   L $$aBATCH-UPD$$b90$$c20170704$$lACC01$$h0528
