013437137 LDR   L 00000nam#a2200000#c#4500
013437137 001   L AC13692393
013437137 003   L AT-OBV
013437137 005   L 20170511154100.0
013437137 007   L tu
013437137 008   L 170504|1800####xx############|||#|#ger#u
013437137 009   L AC13692393
013437137 035   L $$a(DE-599)OBVAC13692393
013437137 040   L $$aONB$$bger$$dRDA$$erda
013437137 041   L $$ager
013437137 044   L $$cXA-DXDE
013437137 084   L $$a08.00$$2bkl
013437137 084   L $$a44.00$$2bkl
013437137 084   L $$a44.91$$2bkl
013437137 1001  L $$aPinel, Philippe$$d1745-1826$$0(DE-588)117688126$$4aut
013437137 24500 L $$aTraité Médico-Philosophique Sur L'Aliénation Mentale, Ou La Manie$$bAvec Figures représentant des formes de crâne ou des portraits d'Aliénés$$cPar Ph. Pinel, Professeur de l'École de Médecine de Paris ...
013437137 24630 L $$aBeispiel 6AD.14 | Revolutionsjahr | Erscheinungsort mit Präposition RDA 2.8.1.4
013437137 264 1 L $$aA Paris$$bChez Richard, Caille Et Ravier, Libraires$$cAn IX [1800/1801]
013437137 300   L $$alvj, 318 Seiten, II Blätter Bildtafeln, 1 ungezähltes gefaltetes Blatt$$bIllustrationen$$c8°
013437137 336   L $$btxt
013437137 337   L $$bn
013437137 338   L $$bnc
013437137 500   L $$aBibliographischer Nachweis: BnF Cat. général 31114576
013437137 500   L $$a"A Paris, Chez Richard, Caille Et Ravier, Libraires, rue Haute-Feuille, No. 11. An IX." - Erscheinungsjahr nach dem republikanischen Kalender
013437137 68900 L $$aPsychische Störung$$Ds$$0(DE-588)4047686-8
013437137 6890  L $$5AT-OBV$$5ONBSRD
013437137 68910 L $$aPsychisch Kranker$$Ds$$0(DE-588)4047682-0
013437137 68911 L $$aTherapie$$Ds$$0(DE-588)4059798-2
013437137 68912 L $$aGeschichte 1800$$Az
013437137 68913 L $$aQuelle$$Af
013437137 6891  L $$5AT-OBV$$5ONBSRD
013437137 68920 L $$aPsychiatrie$$Ds$$0(DE-588)4047667-4
013437137 68921 L $$aGeschichte 1800$$Az
013437137 68922 L $$aQuelle$$Af
013437137 6892  L $$5AT-OBV$$5ONBSRD
013437137 7102  L $$aRichard, Caille et Ravier$$0(DE-588)6146968-3$$4publ
013437137 8564  L $$uhttps://wiki.dnb.de/download/attachments/122262367/Modul_6_AD_14_T.pdf?version=1&modificationDate=1481034177000&api=v2$$zwiki dnb Vorlage 6AD.14
013437137 9700  L $$aRDA-Beispiel
013437137 9701  L $$c34
013437137 9740s L $$F030$$Aa|1urr|||||17
013437137 9740s L $$F050$$Aa|a|||||||||||
013437137 9740s L $$F051$$Am|||||||
013437137 CAT   L $$aONBKFE$$b20$$c20170504$$lACC01$$h1518
013437137 CAT   L $$aONBKFE$$b20$$c20170504$$lACC01$$h1522
013437137 CAT   L $$aONBKFE$$b20$$c20170509$$lACC01$$h1145
013437137 CAT   L $$aONBSRD$$b20$$c20170510$$lACC01$$h0828
013437137 CAT   L $$aRDAKAT$$b90$$c20170511$$lACC01$$h1541
