008539449 LDR   L 00000nam#a2200000#c#4500
008539449 001   L AC08507008
008539449 003   L AT-OBV
008539449 005   L 20170704015000.0
008539449 007   L cr#|||||||||||
008539449 007   L tu
008539449 008   L 110504|2011####au#######m####|||#|#ger#u
008539449 009   L AC08507008
008539449 035   L $$a(DE-599)OBVAC08507008
008539449 040   L $$aUBW$$bger$$dRDA$$erda
008539449 041   L $$ager
008539449 044   L $$cXA-AT
008539449 084   L $$a77.58$$2bkl
008539449 084   L $$a79.13$$2bkl
008539449 084   L $$a44.17$$2bkl
008539449 1001  L $$aPlewa, Margarethe$$4aut
008539449 24010 L $$aAutonomie im Alter
008539449 24500 L $$aAutonomie im Alter$$baus Sicht älterer Menschen und professionell Pflegender$$cVerfasserin: Margarethe Plewa gemeinsam mit: Peter Plewa
008539449 24630 L $$aMonografie | Einzelne Einheit | Hochschulschrift (D-A-CH AWR für 7.2.1.3) | Hochschulschriftenvermerk (RDA 7.9 und D-A-CH AWR für 7.9) | Diplomarbeit | Erscheinungsvermerk echte Hochschulschrift (D-A-CH AWR für 2.8.2.1 und D-A-CH AWR für 2.8.4.1) | Gemeinschaftliche Werke (RDA 6.27.1.3) | Mehrere Verfasser / Geistige Schöpfer | Unterschiedliche Manifestationen | Online-Ausgabe (D-A-CH AWR für 2.1) | In Beziehung stehende Manifestation (RDA 27.1)
008539449 264 1 L $$aWien$$cMärz 2011
008539449 300   L $$a146 Seiten$$bIllustrationen, Diagramme$$c30 cm
008539449 336   L $$btxt
008539449 337   L $$bn
008539449 338   L $$bnc
008539449 500   L $$aLiteratur- und Internetquellenverzeichnis: Seite 130-135
008539449 502   L $$bDiplomarbeit$$cUniversität Wien$$d2011
008539449 655 7 L $$aHochschulschrift$$0(DE-588)4113937-9$$2gnd-content
008539449 68900 L $$aAlter$$Ds$$0(DE-588)4001446-0
008539449 68901 L $$aSelbstständigkeit$$Ds$$0(DE-588)4137544-0
008539449 68902 L $$aPflegepersonal$$Ds$$0(DE-588)4174087-7
008539449 6890  L $$5AT-OBV$$5UBWSCK
008539449 77608 L $$iErscheint auch als$$tAutonomie im Alter : aus Sicht älterer Menschen und professionell Pflegender / Verfasser: Peter Plewa gemeinsam mit: Margarethe Plewa. - Wien, März 2011$$w(AT-OBV)AC08507002
008539449 8564  L $$uhttp://othes.univie.ac.at/13733/$$xUBW$$3Volltext am Hochschulschriftenserver der UB Wien
008539449 9700  L $$aRDA-Beispiel
008539449 9701  L $$c34
008539449 9702  L $$dHS-DIPL
008539449 9710  L $$aSchnepp, Wilfried
008539449 9711  L $$aSchnepp, Wilfried
008539449 9713  L $$a2011-03
008539449 9715  L $$aUniversität Wien
008539449 9716  L $$aA$$b057$$c122
008539449 9740s L $$F030$$Aa|1urr|||||17
008539449 9740s L $$F050$$Aa|a|||||g|||||
008539449 9740s L $$F051$$Amu||||||
008539449 CAT   L $$aUBWU14$$b20$$c20110504$$lACC01$$h1649
008539449 CAT   L $$aUBWR11$$b20$$c20120119$$lACC01$$h1652
008539449 CAT   L $$aUBWSCK$$b20$$c20120523$$lACC01$$h1044
008539449 CAT   L $$aBATCH-UPD$$b20$$c20150130$$lACC01$$h0126
008539449 CAT   L $$aBATCH-UPD$$b20$$c20150619$$lACC01$$h2053
008539449 CAT   L $$aRDAKAT$$b90$$c20161206$$lACC01$$h0853
008539449 CAT   L $$aRDAKAT$$b90$$c20161206$$lACC01$$h0855
008539449 CAT   L $$aRDAKAT$$b90$$c20161206$$lACC01$$h0856
008539449 CAT   L $$aRDAKAT$$b90$$c20161206$$lACC01$$h0905
008539449 CAT   L $$aRDAKAT$$b90$$c20161206$$lACC01$$h0915
008539449 CAT   L $$aRDAKAT$$b90$$c20161206$$lACC01$$h0915
008539449 CAT   L $$aRDAKAT$$b90$$c20161206$$lACC01$$h0916
008539449 CAT   L $$aRDAKAT$$b90$$c20161206$$lACC01$$h0947
008539449 CAT   L $$aRDAKAT$$b90$$c20161206$$lACC01$$h1000
008539449 CAT   L $$aRDAKAT$$b90$$c20161206$$lACC01$$h1022
008539449 CAT   L $$aRDAKAT$$b90$$c20161206$$lACC01$$h1030
008539449 CAT   L $$aRDAKAT$$b90$$c20161207$$lACC01$$h1203
008539449 CAT   L $$aRDAKAT$$b90$$c20161207$$lACC01$$h1204
008539449 CAT   L $$aBATCH-UPD$$b90$$c20170704$$lACC01$$h0150
