008539443 LDR   L 00000nam#a2200000#c#4500
008539443 001   L AC08507002
008539443 003   L AT-OBV
008539443 005   L 20170704015000.0
008539443 007   L cr#|||||||||||
008539443 007   L tu
008539443 008   L 110504|2011####au#######m####|||#|#ger#u
008539443 009   L AC08507002
008539443 035   L $$a(DE-599)OBVAC08507002
008539443 040   L $$aUBW$$bger$$dRDA$$erda
008539443 041   L $$ager
008539443 044   L $$cXA-AT
008539443 084   L $$a77.58$$2bkl
008539443 084   L $$a79.13$$2bkl
008539443 084   L $$a44.17$$2bkl
008539443 1001  L $$aPlewa, Peter$$4aut
008539443 24500 L $$aAutonomie im Alter$$baus Sicht älterer Menschen und professionell Pflegender$$cVerfasser: Peter Plewa gemeinsam mit: Margarethe Plewa
008539443 24630 L $$aMonografie | Einzelne Einheit | Hochschulschrift (D-A-CH AWR für 7.2.1.3) | Hochschulschriftenvermerk (RDA 7.9 und D-A-CH AWR für 7.9) | Diplomarbeit | Erscheinungsvermerk echte Hochschulschrift (D-A-CH AWR für 2.8.2.1 und D-A-CH AWR für 2.8.4.1) | Gemeinschaftliche Werke (RDA 6.27.1.3) | Mehrere Verfasser / Geistige Schöpfer | Unterschiedliche Manifestationen | Online-Ausgabe (D-A-CH AWR für 2.1) | In Beziehung stehende Manifestation (RDA 27.1)
008539443 264 1 L $$aWien$$cMärz 2011
008539443 300   L $$a146 Seiten$$bIllustrationen, Diagramme
008539443 336   L $$btxt
008539443 337   L $$bn
008539443 338   L $$bnc
008539443 500   L $$aLiteratur- und Internetquellenverzeichnis: Seite 130-135
008539443 502   L $$bDiplomarbeit$$cUniversität Wien$$d2011
008539443 655 7 L $$aHochschulschrift$$0(DE-588)4113937-9$$2gnd-content
008539443 68900 L $$aAlter$$Ds$$0(DE-588)4001446-0
008539443 68901 L $$aSelbstständigkeit$$Ds$$0(DE-588)4137544-0
008539443 68902 L $$aPflegepersonal$$Ds$$0(DE-588)4174087-7
008539443 6890  L $$5AT-OBV$$5UBWSCK
008539443 77608 L $$iErscheint auch als$$tAutonomie im Alter : aus Sicht älterer Menschen und professionell Pflegender / Verfasser: Peter Plewa gemeinsam mit: Margarethe Plewa. - Wien, März 2011$$w(AT-OBV)AC08507008
008539443 8564  L $$uhttp://othes.univie.ac.at/13734/$$xUBW$$3Volltext am Hochschulschriftenserver der UB Wien
008539443 9700  L $$aRDA-Beispiel
008539443 9701  L $$c34
008539443 9702  L $$dHS-DIPL
008539443 9710  L $$aSchnepp, Wilfried
008539443 9711  L $$aSchnepp, Wilfried
008539443 9713  L $$a2011-03
008539443 9715  L $$aUniversität Wien
008539443 9716  L $$aA$$b057$$c122
008539443 9740s L $$F030$$Aa|1urr|||||17
008539443 9740s L $$F050$$Aa|a|||||g|||||
008539443 9740s L $$F051$$Amu||||||
008539443 CAT   L $$aUBWU14$$b20$$c20110504$$lACC01$$h1646
008539443 CAT   L $$aUBWU14$$b20$$c20110504$$lACC01$$h1647
008539443 CAT   L $$aUBWR11$$b20$$c20120119$$lACC01$$h1700
008539443 CAT   L $$aUBWSCK$$b20$$c20120523$$lACC01$$h1103
008539443 CAT   L $$aBATCH-UPD$$b20$$c20150619$$lACC01$$h2053
008539443 CAT   L $$aRDAKAT$$b90$$c20161206$$lACC01$$h0902
008539443 CAT   L $$aRDAKAT$$b90$$c20161206$$lACC01$$h0904
008539443 CAT   L $$aRDAKAT$$b90$$c20161206$$lACC01$$h0916
008539443 CAT   L $$aRDAKAT$$b90$$c20161206$$lACC01$$h0916
008539443 CAT   L $$aRDAKAT$$b90$$c20161206$$lACC01$$h0920
008539443 CAT   L $$aRDAKAT$$b90$$c20161206$$lACC01$$h0947
008539443 CAT   L $$aRDAKAT$$b90$$c20161206$$lACC01$$h1000
008539443 CAT   L $$aRDAKAT$$b90$$c20161206$$lACC01$$h1020
008539443 CAT   L $$aRDAKAT$$b90$$c20161206$$lACC01$$h1023
008539443 CAT   L $$aRDAKAT$$b90$$c20161206$$lACC01$$h1030
008539443 CAT   L $$aRDAKAT$$b90$$c20161207$$lACC01$$h1204
008539443 CAT   L $$aRDAKAT$$b90$$c20161207$$lACC01$$h1205
008539443 CAT   L $$aBATCH-UPD$$b90$$c20170704$$lACC01$$h0150
