013646001 LDR   L 00000ncm#a2200000#c#4500
013646001 001   L AC13771322
013646001 003   L AT-OBV
013646001 005   L 20170825125600.0
013646001 007   L qu
013646001 008   L 170818|2008####fr#uu|##############zxx#u
013646001 009   L AC13771322
013646001 0242  L $$a9790048052390
013646001 02852 L $$aSLB 5043
013646001 02852 L $$aRL 11708
013646001 02822 L $$aR.L. 11708 & Cie.
013646001 035   L $$a(DE-599)OBVAC13771322
013646001 040   L $$aUMW$$bger$$dRDA$$erda
013646001 041   L $$azxx
013646001 044   L $$cXA-FR
013646001 1001  L $$aPoulenc, Francis$$d1899-1963$$0(DE-588)11879308X$$4cmp
013646001 24010 L $$aConcert champêtre$$0(DE-588)300120443
013646001 24500 L $$aConcert champêtre$$bpour clavecin (ou piano) & piano concertant$$cFrancis Poulenc
013646001 24630 L $$aBeispiel 6M.03.02 | Musikdruck | Noten | Einzelne Einheit | Musikwerk mit spezifischem Werktitel | Copyright bezieht sich NICHT auf die Ausgabe (D-A-CH AWR für 2.8.6.6) | Besetzung für musikalischen Inhalt (RDA 7.21) | Klavierauszug (RDA 7.20) | Vertriebsangabe (RDA 2.9)
013646001 264 1 L $$aParis, France$$bSalabert éditions$$c[2008]
013646001 264 4 L $$c© 1929
013646001 300   L $$a1 Klavierauszug (68 Seiten)
013646001 336   L $$bntm
013646001 337   L $$bn
013646001 338   L $$bnc
013646001 382   L $$aCembalo$$0(DE-588)4009667-1
013646001 382   L $$aKlavier$$0(DE-588)4030982-4
013646001 382   L $$pKlavier$$n2$$vAlternativ für Cembalo und Klavier
013646001 382   L $$s2
013646001 655 7 L $$aKlavierauszug$$0(DE-588)4164058-5$$2gnd-music
013646001 8564  L $$uhttps://wiki.dnb.de/download/attachments/108533610/Modul_6_M_03_02_T.pdf$$zVorlage
013646001 9700  L $$aRDA-Beispiel
013646001 9701  L $$c57
013646001 9740s L $$F030$$Aa|1urr|||||17
013646001 9740s L $$F050$$Aa|a|||||||||||
013646001 9740s L $$F051$$Amm||||||
013646001 CAT   L $$aUMWCHR$$b20$$c20170818$$lACC01$$h0855
013646001 CAT   L $$aUMWCHR$$b20$$c20170818$$lACC01$$h0900
013646001 CAT   L $$aRDAKAT$$b90$$c20170818$$lACC01$$h0902
013646001 CAT   L $$aRDAKAT$$b90$$c20170818$$lACC01$$h0902
013646001 CAT   L $$aRDAKAT$$b90$$c20170818$$lACC01$$h0935
013646001 CAT   L $$aRDAKAT$$b90$$c20170818$$lACC01$$h0958
013646001 CAT   L $$aRDAKAT$$b90$$c20170818$$lACC01$$h1028
013646001 CAT   L $$aRDAKAT$$b90$$c20170818$$lACC01$$h1048
013646001 CAT   L $$aRDAKAT$$b90$$c20170825$$lACC01$$h1256
