000073291 LDR   L 00000nam#a2200000#cb4500
000073291 001   L AC01523496
000073291 003   L AT-OBV
000073291 005   L 20170825014000.0
000073291 007   L tu
000073291 008   L 960925|1969####gw#######m####|||#|#ger#u
000073291 009   L AC01523496
000073291 015   L $$aBI,045,8813$$2dnb
000073291 035   L $$a(DE-599)OBVAC01523496
000073291 040   L $$aUBW$$bger$$dRDA$$erda
000073291 041   L $$ager
000073291 044   L $$cXA-DE
000073291 084   L $$aNQ 1563$$2rvk
000073291 1001  L $$aRatz, Ursula$$4aut
000073291 24500 L $$aGeorg Ledebour, 1850-1947$$bWeg und Wirken eines sozialistischen Politikers$$cUrsula Ratz ; mit einer Einführung von Paul Kluke
000073291 24630 L $$aBeispiel 3.37 | Mehrteilige Monographie - TUT | MBW - Stücktitel | Zählung innerhalb der Reihe | Zählung innerhalb der Unterreihe (RDA 2.12.17) | Gezählte Unterreihe | Hochschulschrift | Hochschulschriftenvermerk (RDA 7.9 und D-A-CH AWR)
000073291 264 1 L $$aBerlin$$bWalter de Gruyter & Co.$$c1969
000073291 300   L $$aIX, 281 Seiten
000073291 336   L $$btxt
000073291 337   L $$bn
000073291 338   L $$bnc
000073291 4901  L $$aVeröffentlichungen der Historischen Kommission zu Berlin beim Friedrich-Meinecke-Institut der Freien Universität Berlin$$vBand 31$$aPublikationen zur Geschichte der Arbeiterbewegung$$vBand 2
000073291 500   L $$aSeite 229-260: "Bibliographie Georg Ledebour"
000073291 500   L $$aSeite 261-272: "Quellen- und Literaturverzeichnis"
000073291 502   L $$bDissertation$$cUniversität Frankfurt am Main$$d1968
000073291 655 7 L $$aBiografie$$0(DE-588)4006804-3$$2gnd-content
000073291 655 7 L $$aBibliografie$$0(DE-588)4006432-3$$2gnd-content
000073291 655 7 L $$aHochschulschrift$$0(DE-588)4113937-9$$2gnd-content
000073291 68900 L $$aLedebour, Georg$$d1850-1947$$Dp$$0(DE-588)118726994
000073291 6890  L $$5AT-OBV$$5UBWREB
000073291 7001  L $$aKluke, Paul$$d1908-1990$$0(DE-588)118563513$$4wpr
000073291 830 0 L $$w(AT-OBV)AC01652051$$v2$$9O:1
000073291 9700  L $$aRDA-Beispiel
000073291 9701  L $$c54
000073291 9740s L $$F030$$Aa|1urr|||||17
000073291 9740s L $$F050$$Aa|a|||||||||||
000073291 9740s L $$F051$$Asu||||||
000073291 CAT   L $$aBATCH$$b20$$c19981218$$lACC01$$h2033
000073291 CAT   L $$aMULSOB$$b20$$c20000906$$lACC01$$h1423
000073291 CAT   L $$aMULSOB$$b20$$c20000907$$lACC01$$h1610
000073291 CAT   L $$aBATCH-UPD$$b20$$c20120511$$lACC01$$h2055
000073291 CAT   L $$aUBIAMA$$b20$$c20140212$$lACC01$$h0950
000073291 CAT   L $$aBATCH-UPD$$b20$$c20140814$$lACC01$$h1844
000073291 CAT   L $$aRDAKAT$$b90$$c20160909$$lACC01$$h1530
000073291 CAT   L $$aRDAKAT$$b90$$c20160909$$lACC01$$h1532
000073291 CAT   L $$aRDAKAT$$b90$$c20161021$$lACC01$$h1135
000073291 CAT   L $$aRDAKAT$$b90$$c20170320$$lACC01$$h1159
000073291 CAT   L $$aBATCH-UPD$$b90$$c20170624$$lACC01$$h1653
000073291 CAT   L $$aRDAKAT$$b90$$c20170808$$lACC01$$h1530
000073291 CAT   L $$aRDAKAT$$b90$$c20170808$$lACC01$$h1542
000073291 CAT   L $$aRDAKAT$$b90$$c20170808$$lACC01$$h1551
000073291 CAT   L $$aBATCH-UPD$$b90$$c20170825$$lACC01$$h0140
