011400712 LDR   L 00000cam#a2200000#c#4500
011400712 001   L AC11430629
011400712 003   L AT-OBV
011400712 005   L 20170704041500.0
011400712 007   L tu
011400712 008   L 140304|2014####gw############|||#|#ger#u
011400712 009   L AC11430629
011400712 0167  L $$a1024670252$$2DE-101b
011400712 020   L $$a9783836219426$$ckart. : EUR 29.90
011400712 035   L $$a(DE-599)DNB1024670252
011400712 040   L $$aUBS$$bger$$cDNB$$dRDA$$erda
011400712 041   L $$ager
011400712 044   L $$cXA-DE-NW
011400712 08274 L $$a005.25$$qDE-101$$222/ger
011400712 084   L $$aST 261$$2rvk
011400712 08904 L $$a005.25$$c005.25$$eDDC22ger
011400712 1001  L $$aRodewig, Klaus M.$$d1971-$$0(DE-588)131456431$$4aut
011400712 24500 L $$aiPhone- und iPad-Apps entwickeln$$bideal für Programmiereinsteiger geeignet$$cKlaus Rodewig, Jörg Brunsmann
011400712 24630 L $$aBeispiel 5A.03.03 | Monografie | Einzelne Einheit | Hauptkomponente plus Begleitmaterial (D-A-CH AWR für 2.13.1.3) | Datenträgertyp Begleitmaterial (D-A-CH AWR für 3.3.1.3) | Medientyp Begleitmaterial (D-A-CH AWR für 3.2.1.3) | Inhaltstyp Begleitmaterial (D-A-CH AWR für 6.9.1.3) | Beilage | Umfangsangabe DVD-ROM (D-A-CH AWR für 3.4.1.3) | Ungewöhnliche Groß- und Kleinschreibung (RDA A.4.1) | Ausgabebezeichnung (RDA 2.5.2 und D-A-CH AWR für 2.5.2.1)
011400712 24630 L $$aiPhone-Apps
011400712 250   L $$a1. Auflage
011400712 264 1 L $$aBonn$$bGalileo Press$$c2014
011400712 300   L $$a345 Seiten$$bIllustrationen$$e1 DVD-ROM
011400712 336   L $$btxt
011400712 337   L $$bn
011400712 338   L $$bnc
011400712 4900  L $$aGalileo computing
011400712 500   L $$aAuf dem Umschlag: Schritt für Schritt zur eigenen App; Grundlagen von Objective-C, Cocoa und Xcode 5; App-Ideen richtig planen und umsetzen
011400712 68900 L $$aiPhone$$Ds$$0(DE-588)7596595-1
011400712 68901 L $$aiPad$$Ds$$0(DE-588)7712886-2
011400712 68902 L $$aApp$$gProgramm$$Ds$$0(DE-588)7705206-7
011400712 68903 L $$aProgrammierung$$Ds$$0(DE-588)4076370-5
011400712 68904 L $$aiOS 7$$Ds$$0(DE-588)1045516198
011400712 6890  L $$5AT-OBV$$5DNB
011400712 68910 L $$aObjective-C$$Ds$$0(DE-588)4335874-3
011400712 68911 L $$aDVD-ROM$$Af
011400712 6891  L $$5AT-OBV$$5DNB
011400712 7001  L $$aBrunsmann, Jörg$$d1970-$$0(DE-588)121924793$$4aut
011400712 85642 L $$mB:DE-101$$qapplication/pdf$$uhttp://d-nb.info/1024670252/04$$xDNB-TOC$$3Inhaltsverzeichnis$$oOBV-EDOC-DNBTOC
011400712 85642 L $$mX:MVB$$qtext/html$$uhttp://deposit.d-nb.de/cgi-bin/dokserv?id=4093794&prov=M&dok_var=1&dok_ext=htm$$3Inhaltstext
011400712 8564  L $$uhttps://wiki.dnb.de/download/attachments/106041499/Modul_5A_03_03_T.pdf$$zVorlage
011400712 9700  L $$aRDA-Beispiel
011400712 9701  L $$c24
011400712 9740s L $$F030$$Aa|1urr|||||17
011400712 9740s L $$F050$$Aa|a|||||||||||
011400712 9740s L $$F051$$Am|||||||
011400712 CAT   L $$aUBSSFI$$b20$$c20140304$$lACC01$$h0743
011400712 CAT   L $$aUBSEHO$$b20$$c20140312$$lACC01$$h1313
011400712 CAT   L $$aBATCH-UPD$$b20$$c20140312$$lACC01$$h1945
011400712 CAT   L $$aUBGSTS$$b20$$c20140418$$lACC01$$h1443
011400712 CAT   L $$aUBIVOG$$b20$$c20140915$$lACC01$$h1049
011400712 CAT   L $$aLBOLIN$$b20$$c20150713$$lACC01$$h1355
011400712 CAT   L $$aRDAKAT$$b90$$c20170508$$lACC01$$h1140
011400712 CAT   L $$aRDAKAT$$b90$$c20170508$$lACC01$$h1142
011400712 CAT   L $$aRDAKAT$$b90$$c20170509$$lACC01$$h0959
011400712 CAT   L $$aBATCH-UPD$$b90$$c20170704$$lACC01$$h0415
