011704181 LDR   L 00000ngm#a2200000#c#4500
011704181 001   L AC11806102
011704181 003   L AT-OBV
011704181 005   L 20170123104100.0
011704181 007   L co#|||||||||||
011704181 007   L vd#||||||
011704181 008   L 140718|2014####gw#|||#b##########||ger#u
011704181 009   L AC11806102
011704181 0243  L $$a5050582964752
011704181 0243  L $$a5050582964769
011704181 02852 L $$aDVD 829 647 5 18 RO
011704181 035   L $$a(DE-599)BVBBV041965410
011704181 040   L $$aUGL$$bger$$dRDA$$erda
011704181 041   L $$ager$$aeng
011704181 044   L $$cXA-DE
011704181 090   L $$ib
011704181 24500 L $$aAmerican hustle$$cChristian Bale, Bradley Cooper, Jeremy Renner, Amy Adams und Jennifer Lawrence ; Drehbuch: Warren Singer und David O. Russell ; Regie: David O. Russell
011704181 24630 L $$aBeispiel 3.24 | Monografie | Einzelne Einheit | Film auf DVD | DVD-Video | Spezifischer Datenträgertyp (D-A-CH AWR für 3.3.1.3) | Mehrere Expressionen in einer Manifestation | Kein geistiger Schöpfer | Mehrere Sprachfassungen (RDA 7.12 und D-A-CH AWR für 7.12.1.3) | Untertitel (RDA 7.14) | Copyright Datum (RDA 2.11) | Dauer (RDA 7.22 und Anhang B.5.3) | Farbinhalt (RDA 7.17) | Toninhalt (RDA 7.18) | Bildformat (RDA 7.19) | Extras | Ergänzender Inhalt (RDA 7.16) | Zielgruppe | Altersfreigabe (RDA 7.7)
011704181 264 1 L $$aHamburg$$bUniversal$$a[Berlin]$$bTobis$$c[2014]
011704181 264 4 L $$c© 2014
011704181 300   L $$a1 DVD-Video (circa 132 min): Ton, farbig$$c12 cm
011704181 336   L $$btdi
011704181 337   L $$bv
011704181 338   L $$bvd
011704181 344   L $$adigital$$gSurround$$hDolby Digital 5.1
011704181 347   L $$aVideodatei$$bDVD-Video$$eRegion 2
011704181 500   L $$aExtras: Deutsches Making Of, Deleted & Extended Scenes, Featurettes, Trailer
011704181 500   L $$aBreitbild (2.40:1)
011704181 500   L $$aOriginal: USA 2013
011704181 500   L $$aVom Regisseur von Silver linings und Three kings
011704181 521   L $$aFSK ab 6 freigegeben
011704181 546   L $$aSprachfassungen: Deutsch, Englisch
011704181 546   L $$aUntertitel: Deutsch, Englisch für Hörgeschädigte
011704181 655 7 L $$aFilm$$0(DE-588)4017102-4$$2gnd-content
011704181 655 7 L $$aDVD-Video$$0(DE-588)4585125-6$$2gnd-carrier
011704181 7001  L $$aRussell, David O.$$d1958-$$0(DE-588)137680082$$4fmd$$4aus
011704181 7001  L $$aBale, Christian$$d1974-$$0(DE-588)137877951$$4act
011704181 7001  L $$aCooper, Bradley$$d1975-$$0(DE-588)140279423$$4act
011704181 7001  L $$aRenner, Jeremy$$d1971-$$0(DE-588)143538373$$4act
011704181 7001  L $$aSinger, Eric Warren$$d1968-$$0(DE-588)139406638$$4aus
011704181 8564  L $$uhttps://wiki.dnb.de/download/attachments/106041499/Modul_3_24_T.pdf$$zVorlage
011704181 9700  L $$aRDA-Beispiel
011704181 9701  L $$c48
011704181 9704  L $$bBVBKAT
011704181 9740s L $$F030$$Aa|1urr|||||37
011704181 9740s L $$F050$$A|||||cd|d||001
011704181 9740s L $$F051$$Am||||||1
011704181 CAT   L $$aUGLTOB$$b20$$c20140718$$lACC01$$h1008
011704181 CAT   L $$aUBSBRU$$b20$$c20150504$$lACC01$$h1335
011704181 CAT   L $$aBATCH-UPD$$b20$$c20160820$$lACC01$$h0018
011704181 CAT   L $$aRDAKAT$$b90$$c20170123$$lACC01$$h0959
011704181 CAT   L $$aRDAKAT$$b90$$c20170123$$lACC01$$h1000
011704181 CAT   L $$aRDAKAT$$b90$$c20170123$$lACC01$$h1022
011704181 CAT   L $$aRDAKAT$$b90$$c20170123$$lACC01$$h1024
011704181 CAT   L $$aRDAKAT$$b90$$c20170123$$lACC01$$h1033
011704181 CAT   L $$aRDAKAT$$b90$$c20170123$$lACC01$$h1037
011704181 CAT   L $$aRDAKAT$$b90$$c20170123$$lACC01$$h1041
