012079351 LDR   L 00000ncm#a2200000#c#4500
012079351 001   L AC12194414
012079351 003   L AT-OBV
012079351 005   L 20170823110800.0
012079351 007   L qu
012079351 008   L 150225|1965####au#uu|##############ger#u
012079351 009   L AC12194414
012079351 02822 L $$aU.E. 10.981
012079351 035   L $$a(DE-599)OBVAC12194414
012079351 040   L $$aUMS$$bger$$cBAY$$dRDA$$erda
012079351 041   L $$ager
012079351 044   L $$cXA-AT
012079351 1001  L $$aSchoeck, Othmar$$d1886-1957$$0(DE-588)118609920$$4cmp
012079351 24010 L $$aWandsbecker Liederbuch$$0(DE-588)1062804937
012079351 24500 L $$aWandsbecker Liederbuch$$bop. 52 : Liederfolge für eine Singstimme und Klavier$$cOthmar Schoeck ; nach Gedichten von Matthias Claudius
012079351 24630 L $$aBeispiel 6M.03.08 | Musikdruck | Noten | Einzelne Einheit | Nominalphrase in Verbindung mit einer Verantwortlichkeitsangabe (RDA 2.4.1.8) | Abgrenzung Haupttitel und Titelzusatz (RDA 2.3.2)
012079351 264 1 L $$aWien$$bUniversal Edition$$c[1965]
012079351 264 4 L $$c© 1965
012079351 300   L $$a1 Partitur (44 Seiten)$$c27 cm
012079351 336   L $$bntm
012079351 337   L $$bn
012079351 338   L $$bnc
012079351 500   L $$aFrüheres Copyright: © 1937
012079351 546   L $$aTexte deutsch
012079351 655 7 L $$aPartitur$$0(DE-588)4173447-6$$2gnd-music
012079351 7001  L $$aClaudius, Matthias$$d1740-1815$$0(DE-588)118521098$$4aut
012079351 8564  L $$uhttps://wiki.dnb.de/download/attachments/108533610/Modul_6_M_03_08_T.pdf$$zVorlage
012079351 9700  L $$aRDA-Beispiel
012079351 9701  L $$c57
012079351 9740s L $$F030$$Aa|1ur||||||17
012079351 9740s L $$F050$$Aa|a|||||||||||
012079351 9740s L $$F051$$Amm||||||
012079351 CAT   L $$aUMSHST$$b20$$c20150225$$lACC01$$h0944
012079351 CAT   L $$aUMSHST$$b20$$c20150225$$lACC01$$h0944
012079351 CAT   L $$aUMWCHR$$b20$$c20170823$$lACC01$$h1103
012079351 CAT   L $$aUMWCHR$$b20$$c20170823$$lACC01$$h1107
012079351 CAT   L $$aRDAKAT$$b90$$c20170823$$lACC01$$h1108
