007781122 LDR   L 00000nam#a2200000#ca4500
007781122 001   L AC07904008
007781122 003   L AT-OBV
007781122 005   L 20170210110000.0
007781122 007   L tu
007781122 008   L 091202|19841984sp############|||#|#spa#u
007781122 009   L AC07904008
007781122 020   L $$a840005654X
007781122 035   L $$a(DE-599)OBVAC07904008
007781122 035   L $$a(DE-604)00168857x
007781122 040   L $$aONB$$bger$$cBAY$$dRDA$$erda
007781122 041   L $$aspa
007781122 044   L $$cXA-ES
007781122 084   L $$aIO 6401$$2rvk
007781122 090   L $$fb
007781122 1001  L $$aSolís y Rivadeneira, Antonio <<de>>$$d1610-1686$$0(DE-588)122613007$$4aut
007781122 24010 L $$aComedias
007781122 24500 L $$aComedias de Antonio de Solís$$cAntonio de Solís ; edición critica por Manuela Sánchez Regueira
007781122 24630 L $$aBeispiel 5A.01.22 | Mehrteilige Monografie | Mehrbändiges Werk | TAT |Teile einer monografischen Reihe | Gesamttitelangabe | Zusammenstellung (RDA 6.2.2.10.2 und D-A-CH AWR für 6.2.2.10.2) | Sammlung | Bevorzugter Titel des Werkes (RDA 6.2.2.4 und D-A-CH AWR für 6.2.2.4) | Springende Zählung (D-A-CH AWR für 2.12.9.3) | Erscheinungsdatum mit römische Zahlen (RDA 1.8.1 und RDA 1.8.2 D-A-CH)
007781122 264 1 L $$aMadrid$$bConsejo Superior de Investigaciones Cientificas$$c1984
007781122 336   L $$btxt
007781122 337   L $$bn
007781122 338   L $$bnc
007781122 4901  L $$aClásicos hispánicos. Serie II, Ediciónes criticas$$vvolumen 23-24
007781122 7001  L $$aSánchez Regueira, Manuela$$4edt
007781122 830 0 L $$w(AT-OBV)AC02148476$$v...$$9O:1
007781122 8564  L $$uhttps://wiki.dnb.de/download/attachments/108529048/Modul_5A_01_22_T.pptx?version=1&modificationDate=1448008962000&api=v2$$zVorlage
007781122 90005 L $$aRegueira, Manuela Sánchez
007781122 9700  L $$aRDA-Beispiel
007781122 9701  L $$c18
007781122 9704  L $$bBVBKAT
007781122 9740s L $$F030$$Aa|1urr|||||17
007781122 9740s L $$F050$$Aa|a|||||||||||
007781122 9740s L $$F051$$At|||||||
007781122 CAT   L $$aONBCSB$$b20$$c20091202$$lACC01$$h1308
007781122 CAT   L $$aONBWLA$$b20$$c20091202$$lACC01$$h1319
007781122 CAT   L $$aUBGBOD$$b20$$c20110831$$lACC01$$h1126
007781122 CAT   L $$aONBWLA$$b20$$c20111213$$lACC01$$h0933
007781122 CAT   L $$aBATCH-UPD$$b20$$c20120512$$lACC01$$h0219
007781122 CAT   L $$aUBWU14$$b20$$c20140522$$lACC01$$h1621
007781122 CAT   L $$aRDAKAT$$b90$$c20170210$$lACC01$$h0859
007781122 CAT   L $$aRDAKAT$$b90$$c20170210$$lACC01$$h0904
007781122 CAT   L $$aRDAKAT$$b90$$c20170210$$lACC01$$h1011
007781122 CAT   L $$aRDAKAT$$b90$$c20170210$$lACC01$$h1051
007781122 CAT   L $$aRDAKAT$$b90$$c20170210$$lACC01$$h1059
007781122 CAT   L $$aRDAKAT$$b90$$c20170210$$lACC01$$h1100
