007781155 LDR   L 00000nam#a2200000#cc4500
007781155 001   L AC07904042
007781155 003   L AT-OBV
007781155 005   L 20170210110100.0
007781155 007   L tu
007781155 008   L 091202|1984####sp############|||#|#spa#u
007781155 009   L AC07904042
007781155 020   L $$a8400056566
007781155 035   L $$a(DE-599)OBVAC07904042
007781155 040   L $$aONB$$bger$$dRDA$$erda
007781155 041   L $$aspa
007781155 044   L $$cXA-ES
007781155 1001  L $$aSolís y Rivadeneira, Antonio <<de>>$$d1610-1686$$0(DE-588)122613007$$4aut$$9O:H
007781155 24500 L $$aComedias de Antonio de Solís$$nTomo 2$$cAntonio de Solís ; edición critica por Manuela Sánchez Regueira
007781155 24630 L $$aBeispiel 5A.01.22 | Mehrteilige Monografie | TAT | Zählung innerhalb der Reihe (D-A-CH AWR für 2.12.9.3) | Erscheinungsdatum mit römische Zahlen (RDA 1.8.1 und RDA 1.8.2 D-A-CH)
007781155 264 1 L $$aMadrid$$bConsejo Superior de Investigaciones Cientificas$$c1984
007781155 300   L $$aSeite 466-912
007781155 336   L $$btxt
007781155 337   L $$bn
007781155 338   L $$bnc
007781155 4901  L $$aClásicos hispánicos. Serie II, Ediciónes criticas$$vvolumen 24
007781155 7001  L $$aSánchez Regueira, Manuela$$4edt$$9O:H
007781155 77308 L $$w(AT-OBV)AC07904008$$q2
007781155 830 0 L $$w(AT-OBV)AC02148476$$v24$$9O:1
007781155 90005 L $$aRegueira, Manuela Sánchez$$9O:H
007781155 9700  L $$aRDA-Beispiel
007781155 9701  L $$c18
007781155 9740s L $$F030$$Aa|1urr|||||||
007781155 9740s L $$F050$$Aa|a|||||||||||
007781155 9740s L $$F051$$A||||||||
007781155 CAT   L $$aONBCSB$$b20$$c20091202$$lACC01$$h1314
007781155 CAT   L $$aONBCSB$$b20$$c20091202$$lACC01$$h1314
007781155 CAT   L $$aONBWLA$$b20$$c20091202$$lACC01$$h1319
007781155 CAT   L $$aRDAKAT$$b90$$c20170210$$lACC01$$h1024
007781155 CAT   L $$aRDAKAT$$b90$$c20170210$$lACC01$$h1026
007781155 CAT   L $$aRDAKAT$$b90$$c20170210$$lACC01$$h1101
