007781143 LDR   L 00000nam#a2200000#cc4500
007781143 001   L AC07904029
007781143 003   L AT-OBV
007781143 005   L 20170210110100.0
007781143 007   L tu
007781143 008   L 091202|1984####sp############|||#|#spa#u
007781143 009   L AC07904029
007781143 020   L $$a8400056558
007781143 035   L $$a(DE-599)OBVAC07904029
007781143 040   L $$aONB$$bger$$dRDA$$erda
007781143 041   L $$aspa
007781143 044   L $$cXA-ES
007781143 1001  L $$aSolís y Rivadeneira, Antonio <<de>>$$d1610-1686$$0(DE-588)122613007$$4aut$$9O:H
007781143 24500 L $$aComedias de Antonio de Solís$$nTomo 1$$cAntonio de Solís ; edición critica por Manuela Sánchez Regueira
007781143 24630 L $$aBeispiel 5A.01.22 | Mehrteilige Monografie | TAT | Zählung innerhalb der Reihe (D-A-CH AWR für 2.12.9.3) | Erscheinungsdatum mit römische Zahlen (RDA 1.8.1 und RDA 1.8.2 D-A-CH) | Zitate in Anmerkungen (RDA 1.10.3)
007781143 264 1 L $$aMadrid$$bConsejo Superior de Investigaciones Cientificas$$c1984
007781143 300   L $$aVIII, 462 Seiten
007781143 336   L $$btxt
007781143 337   L $$bn
007781143 338   L $$bnc
007781143 4901  L $$aClásicos hispánicos. Serie II, Ediciónes criticas$$vvolumen 23
007781143 500   L $$a"Bibliografia selecta": Seite 44-47
007781143 7001  L $$aSánchez Regueira, Manuela$$4edt$$9O:H
007781143 77308 L $$w(AT-OBV)AC07904008$$q1
007781143 830 0 L $$w(AT-OBV)AC02148476$$v23$$9O:1
007781143 90005 L $$aRegueira, Manuela Sánchez$$9O:H
007781143 9700  L $$aRDA-Beispiel
007781143 9701  L $$c18
007781143 9740s L $$F030$$Aa|1urr|||||||
007781143 9740s L $$F050$$Aa|a|||||||||||
007781143 9740s L $$F051$$A||||||||
007781143 CAT   L $$aONBCSB$$b20$$c20091202$$lACC01$$h1311
007781143 CAT   L $$aONBWLA$$b20$$c20091202$$lACC01$$h1319
007781143 CAT   L $$aRDAKAT$$b90$$c20170210$$lACC01$$h1017
007781143 CAT   L $$aRDAKAT$$b90$$c20170210$$lACC01$$h1020
007781143 CAT   L $$aRDAKAT$$b90$$c20170210$$lACC01$$h1101
