013400355 LDR   L 00000nam#a2200000#c#4500
013400355 001   L AC13666601
013400355 003   L AT-OBV
013400355 005   L 20170419173900.0
013400355 007   L tu
013400355 008   L 170404|1682####gw############|||#|#ger#u
013400355 009   L AC13666601
013400355 0247  L $$aVD17 1:040511M$$2vd17
013400355 026   L $$eFEI-Fingerprint: n:lt n.m- n.en nihe 3 1682R
013400355 035   L $$a(DE-599)OBVAC13666601
013400355 040   L $$aONB$$bger$$dRDA$$erda$$evd17
013400355 041   L $$ager$$alat
013400355 044   L $$cXA-DE
013400355 084   L $$a11.00$$2bkl
013400355 084   L $$a11.70$$2bkl
013400355 084   L $$a11.71$$2bkl
013400355 1001  L $$aSpener, Philipp Jakob$$d1635-1705$$0(DE-588)118616099$$4aut
013400355 24010 L $$a<<Der>> von Menschen verlassene und von Gott auffgenommene David
013400355 24500 L $$a<<Der>> von menschen verlassene und von Gott auffgenommene David$$bAuß seinem XXVII. Psalmen v[ers] 10. bey Volckreicher Leichbegängnüs des ... Herrn M. Georg Philipp Liechtsteins/ ... ältisten Predigers der Evangelischen Kirchen zu Franckfurt am Mayn/ Als dessen den 7. Febr. verblichener Cörper den folgenden 10. ejusdem auff dem Kirch-hof zu S. Peter in seine ruhe-statt war gelegt worden … vorgestellet$$cvon Philipp Jacob Spenern/ der H. Schrifft D. Predigern und des Ministerii Seniore
013400355 24630 L $$aaufgenommene | Beispiel 6AD.09 | Drucker nach RDA 2.8.1.1 als Verlag behandelt | RDA 6.2.2.4 AWR Titel des Werkes Groß/Kleinschreibung
013400355 264 1 L $$aFranckfurt am Mayn$$bGetruckt bey Johann Diederich Friedgen$$cMDCLXXXII
013400355 300   L $$a72 Seiten, 1 ungezähltes Blatt Bildtafel$$b1 Portrait$$c4°
013400355 336   L $$btxt
013400355 337   L $$bn
013400355 338   L $$bnc
013400355 68900 L $$aBibel$$pPsalmen$$n27,7-14$$Du$$0(DE-588)7650696-4
013400355 68901 L $$aPredigt$$Ds$$0(DE-588)4047089-1
013400355 68902 L $$aGeschichte 1682$$Az
013400355 68903 L $$aQuelle$$Af
013400355 6890  L $$5AT-OBV$$5ONBSRD
013400355 68910 L $$aLiechtstein, Georg Philipp$$d1606-1682$$Dp$$0(DE-588)115505768
013400355 68911 L $$aTrauerrede$$Ds$$0(DE-588)7631700-6
013400355 68912 L $$aGeschichte 1682$$Az
013400355 68913 L $$aQuelle$$Af
013400355 6891  L $$5AT-OBV$$5ONBSRD
013400355 7001  L $$aLiechtstein, Georg Philipp$$d1606-1682$$0(DE-588)115505768$$4hnr
013400355 7001  L $$aMisler, Johann Nicolaus$$d1614-1683$$0(DE-588)102830215$$4wst$$4ctb
013400355 7001  L $$aFriedgen, Johann Dietrich$$4prt
013400355 7001  L $$aAubry, Abraham$$d1612-1693$$0(DE-588)173109705$$4egr
013400355 751   L $$aFrankfurt am Main$$0(DE-588)4018118-2$$4mfp$$2gnd
013400355 8564  L $$uhttps://wiki.dnb.de/download/attachments/122262367/Modul_6_AD_09_T.pdf?version=1&modificationDate=1481034177000&api=v2$$zwiki dnb Vorlage 6AD.09
013400355 9700  L $$aRDA-Beispiel
013400355 9701  L $$c01
013400355 9740s L $$F030$$Aa|1urr|||||17
013400355 9740s L $$F050$$Aa|a|||||||||||
013400355 9740s L $$F051$$Am|||||||
013400355 CAT   L $$aONBKFE$$b20$$c20170404$$lACC01$$h1456
013400355 CAT   L $$aONBSRD$$b20$$c20170411$$lACC01$$h1402
013400355 CAT   L $$aRDAKAT$$b90$$c20170419$$lACC01$$h1502
013400355 CAT   L $$aRDAKAT$$b90$$c20170419$$lACC01$$h1739
