012979276 LDR   L 00000nam#a2200000#c#4500
012979276 001   L AC13257568
012979276 003   L AT-OBV
012979276 005   L 20170629191100.0
012979276 007   L tu
012979276 008   L 160629|1675####xx############|||#|#ger#u
012979276 009   L AC13257568
012979276 035   L $$a(DE-599)OBVAC13257568
012979276 040   L $$aONB$$bger$$dONB$$erda
012979276 041   L $$ager$$hlat
012979276 044   L $$cXA-DXDE
012979276 084   L $$a35.01$$2bkl
012979276 1001  L $$aStarkey, George$$d1627-1665$$0(DE-588)119255898$$4aut
012979276 24010 L $$aTres tractatus de metallorum transmutatione
012979276 24500 L $$aDes hochgelahrten Philaletæ Drey schöne und auserlesene Tractätlein von Verwandelung der Metallen$$bDen Liebhabern der Hermetischen Weißheit zu sonderbahren Gefallen auff Begehren$$caus dem Lateinischen in das Teutsche übersetzet von Johanne Langen
012979276 24633 L $$aDrey schöne und auserlesene Tractätlein von Verwandelung der Metallen
012979276 24633 L $$aDrei schöne und auserlesene Traktätlein von Verwandlung der Metalle
012979276 24630 L $$aWeisheit sonderbaren auf Deutsche übersetzt
012979276 264 1 L $$aHamburg$$bin Verlegung Christian Guths
012979276 264 3 L $$aJena$$bDruckts Johann Nisius$$c1675
012979276 300   L $$a170 Seiten, 1 ungezähltes Blatt
012979276 336   L $$btxt
012979276 337   L $$bn
012979276 338   L $$bnc
012979276 500   L $$aDer Verfasser Eirenaeus Philalethes (Pseudonym), das ist George Starkey
012979276 500   L $$aVorlageform der Veröffentlichungsangabe: Hamburg/ in Verlegung Christian Guths. Jena/ Druckts Johann Nisius/ 1675
012979276 655 7 L $$aQuelle$$0(DE-588)4135952-5$$2gnd-content
012979276 68900 L $$aStein der Weisen$$Ds$$0(DE-588)4368519-5
012979276 7001  L $$aLange, Johann$$d-1696$$0(DE-588)104270330$$4trl
012979276 7001  L $$aGuths, Christian$$4pbl
012979276 7001  L $$aNisius, Johann$$d-1684$$0(DE-588)1037504097$$4prt
012979276 751   L $$aHamburg$$0(DE-588)4023118-5$$4pup$$2gnd
012979276 751   L $$aJena$$0(DE-588)4028557-1$$4mfp$$2gnd
012979276 9700  L $$aRDA-Beispiel
012979276 9701  L $$c40
012979276 9740s L $$F030$$Aa|1urr|||||17
012979276 9740s L $$F050$$Aa|a|||||||||||
012979276 9740s L $$F051$$Am|||||||
012979276 CAT   L $$aONBLOG$$b20$$c20160629$$lACC01$$h1752
012979276 CAT   L $$aONBLOG$$b20$$c20160629$$lACC01$$h1755
012979276 CAT   L $$aONBLOG$$b20$$c20160629$$lACC01$$h1757
012979276 CAT   L $$aONBLOG$$b20$$c20160630$$lACC01$$h1658
012979276 CAT   L $$aONBLOG$$b20$$c20160630$$lACC01$$h1716
012979276 CAT   L $$aONBLOG$$b20$$c20161012$$lACC01$$h1629
012979276 CAT   L $$aONBLOG$$b20$$c20161012$$lACC01$$h1638
012979276 CAT   L $$aONBLOG$$b20$$c20161013$$lACC01$$h1452
012979276 CAT   L $$aONBLOG$$b20$$c20161013$$lACC01$$h1454
012979276 CAT   L $$aONBLOG$$b20$$c20161013$$lACC01$$h1518
012979276 CAT   L $$aONBLOG$$b20$$c20161013$$lACC01$$h1637
012979276 CAT   L $$aONBKFE$$b20$$c20161014$$lACC01$$h1554
012979276 CAT   L $$aBATCH-UPD$$b20$$c20170317$$lACC01$$h1835
012979276 CAT   L $$aONBLOG$$b20$$c20170629$$lACC01$$h1908
012979276 CAT   L $$aONBLOG$$b20$$c20170629$$lACC01$$h1911
