013257582 LDR   L 00000nam#a2200000#c#4500
013257582 001   L AC13463745
013257582 003   L AT-OBV
013257582 005   L 20170403152900.0
013257582 007   L tu
013257582 008   L 170224|1781####xx############|||#|#ger#u
013257582 009   L AC13463745
013257582 0247  L $$aVD18 11437359$$2vd18
013257582 035   L $$a(DE-599)OBVAC13463745
013257582 040   L $$aONB$$bger$$dRDA$$erda$$evd18
013257582 041   L $$ager
013257582 044   L $$cXA-DXDE
013257582 084   L $$a57.00$$2bkl
013257582 084   L $$a57.12$$2bkl
013257582 084   L $$a58.21$$2bkl
013257582 1001  L $$aStoy, Johann Friedrich$$d1712-1782$$0(DE-588)101498422X$$4aut
013257582 24500 L $$aAnleitung zu einer bessern Benutzung des Torffs vorzüglich im Churfürstenthum Sachsen$$c[Johann Friedrich Stoy]
013257582 24630 L $$abesseren Torfs Kurfürstentum
013257582 24630 L $$aBeispiel 6AD.05 | Ermittelter Verfasser (RDA 2.2.4 AWR) | Seitenzählung (RDA 3.4.5.2 Ausnahme)| komplizierte Paginierung | Pläne (RDA 7.15)
013257582 264 1 L $$aAltenburg$$bIn der Richterischen Buchhandlung$$c1781
013257582 300   L $$a1 ungezähltes Blatt Bildtafel, 10 ungezählte Seiten, 80 Seiten, 4 ungezählte Seiten, 3 ungezählte gefaltete Blätter Bildtafeln$$b1 Illustration, Pläne$$c8°
013257582 336   L $$btxt
013257582 337   L $$bn
013257582 338   L $$bnc
013257582 500   L $$aBibliographischer Nachweis: Meusel, Band XIII, Seite 448
013257582 500   L $$aVerfasser ermittelt in: Holzmann & Bohatta. Deutsches Anonymenlexikon. Band I, Nummer 1907
013257582 500   L $$a„Nebst 3 Kupferplatten“. - Die Illustration ist ein gestochenes Frontispiz
013257582 68900 L $$aSachsen$$Dg$$0(DE-588)4051176-5
013257582 68901 L $$aTorf$$Ds$$0(DE-588)4185722-7
013257582 68902 L $$aAbbau$$Ds$$0(DE-588)4128488-4
013257582 68903 L $$aGeschichte 1781$$Az
013257582 68904 L $$aQuelle$$Af
013257582 6890  L $$5AT-OBV$$5ONBSRD
013257582 68910 L $$aTorfstich$$Ds$$0(DE-588)4241108-7
013257582 6891  L $$5AT-OBV$$5ONBSRD
013257582 68920 L $$aTorf$$Ds$$0(DE-588)4185722-7
013257582 68921 L $$aNutzung$$Ds$$0(DE-588)4120814-6
013257582 68922 L $$aBrennstoff$$Ds$$0(DE-588)4008186-2
013257582 6892  L $$5AT-OBV$$5ONBSRD
013257582 7102  L $$aRichterische Buchhandlung$$gAltenburg, Thüringen$$0(DE-588)6146578-1$$4pbl
013257582 751   L $$aAltenburg$$hThüringen$$0(DE-588)4001409-5$$4pup$$2gnd
013257582 8564  L $$uhttps://wiki.dnb.de/download/attachments/122262367/Modul_6_AD_05_T.pdf?version=1&modificationDate=1481034177000&api=v2$$zwiki dnb Vorlage 6AD.05
013257582 9700  L $$aRDA-Beispiel
013257582 9701  L $$c40
013257582 9740s L $$F030$$Aa|1urr|||||17
013257582 9740s L $$F050$$Aa|a|||||||||||
013257582 9740s L $$F051$$Am|||||||
013257582 CAT   L $$aONBKFE$$b20$$c20170224$$lACC01$$h1435
013257582 CAT   L $$aONBKFE$$b20$$c20170224$$lACC01$$h1441
013257582 CAT   L $$aONBKFE$$b20$$c20170301$$lACC01$$h1504
013257582 CAT   L $$aONBKFE$$b20$$c20170301$$lACC01$$h1527
013257582 CAT   L $$aONBKFE$$b20$$c20170301$$lACC01$$h1617
013257582 CAT   L $$aRDAKAT$$b90$$c20170320$$lACC01$$h1213
013257582 CAT   L $$aRDAKAT$$b90$$c20170320$$lACC01$$h1652
013257582 CAT   L $$aRDAKAT$$b90$$c20170403$$lACC01$$h1529
