012330647 LDR   L 00000njm#a2200000#c#4500
012330647 001   L AC12633584
012330647 003   L AT-OBV
012330647 005   L 20170606134100.0
012330647 007   L co#||a||||||||
012330647 007   L sd#|||||||||||
012330647 008   L 150917|2014####xxk|||##############zxx#u
012330647 009   L AC12633584
012330647 0241  L $$a028947864226
012330647 02852 L $$aDecca 4786422
012330647 035   L $$a(DE-599)OBVAC12633584
012330647 040   L $$aUMW$$bger$$dRDA$$erda
012330647 041   L $$azxx
012330647 044   L $$cXA-GB
012330647 090   L $$ba
012330647 1001  L $$aStrauss, Richard$$d1864-1949$$0(DE-588)11861911X$$4cmp
012330647 24010 L $$a<<Eine>> Alpensymphonie$$0(DE-588)300156235
012330647 24500 L $$aAlpine symphony$$b = <<Eine>> Alpensinfonie, op. 64 = <<Une>> symphonie alpestre$$cRichard Strauss ; Saito Kinen Orchestra ; Daniel Harding [Dirigent]
012330647 24631 L $$a<<Eine>> Alpensinfonie, op. 64
012330647 24631 L $$a<<Une>> symphonie alpestre
012330647 24630 L $$aBeispiel 6M.04.01 | Tonträger | Musiktonträger | Audiodisk | Einzelne Einheit | Booklet als Begleitmaterial | Umfassende Beschreibung | Copyright und Phonogramm-Copyright (RDA 6.11) | Ausführende (RDA I.3.1) | Erläuternde Rollenangabe (RDA 2.4.1.7) | Aufzeichnungsort und Aufzeichnungsdatum (RDA 7.11) | Konfiguration der Wiedergabekanäle (RDA 3.16.8)
012330647 264 1 L $$aLondon$$bDecca Music Group Limited$$c[2014]
012330647 264 4 L $$c© 2014
012330647 264 4 L $$c℗ 2013
012330647 300   L $$a1 CD (51:59)$$c12 cm$$e1 Booklet
012330647 336   L $$bprm
012330647 337   L $$bs
012330647 338   L $$bsd
012330647 344   L $$gStereo
012330647 518   L $$aAufnahme: Kissei Bunka Hall, Matsumoto, Japan, 23 & 25 August 2012, live
012330647 655 7 L $$aCD$$0(DE-588)4522869-3$$2gnd-carrier
012330647 7001  L $$aHarding, Daniel$$d1975-$$0(DE-588)124509916$$4cnd
012330647 7102  L $$aSaitō Kinen Ōkesutora$$0(DE-588)5155193-7$$4itr
012330647 8564  L $$uhttps://wiki.dnb.de/download/attachments/108533610/Modul_6_M_04_01_T.pdf$$zVorlage
012330647 9700  L $$aRDA-Beispiel
012330647 9740s L $$F030$$Aa|1urr|||||17
012330647 9740s L $$F050$$A|||||aa|||||||
012330647 9740s L $$F051$$Am|||||||
012330647 CAT   L $$aUMWCHR$$b20$$c20150917$$lACC01$$h1156
012330647 CAT   L $$aUMWCHR$$b20$$c20150917$$lACC01$$h1156
012330647 CAT   L $$aUMWCHR$$b20$$c20150917$$lACC01$$h1156
012330647 CAT   L $$aUMWCHR$$b20$$c20150917$$lACC01$$h1433
012330647 CAT   L $$aUMWCHR$$b20$$c20150917$$lACC01$$h1447
012330647 CAT   L $$aUMWCHR$$b20$$c20150923$$lACC01$$h1325
012330647 CAT   L $$aUMWCHR$$b20$$c20150929$$lACC01$$h1236
012330647 CAT   L $$aUMWFRT$$b20$$c20151021$$lACC01$$h1738
012330647 CAT   L $$aUMWCHR$$b20$$c20151028$$lACC01$$h0903
012330647 CAT   L $$aUMWCHR$$b20$$c20151112$$lACC01$$h1030
012330647 CAT   L $$aUMWCHR$$b20$$c20151112$$lACC01$$h1034
012330647 CAT   L $$aUMWCHR$$b20$$c20151201$$lACC01$$h1303
012330647 CAT   L $$aUMWCHR$$b20$$c20160115$$lACC01$$h1502
012330647 CAT   L $$aUMWCHR$$b20$$c20160714$$lACC01$$h1311
012330647 CAT   L $$aRDAKAT$$b90$$c20170606$$lACC01$$h1316
012330647 CAT   L $$aRDAKAT$$b90$$c20170606$$lACC01$$h1317
012330647 CAT   L $$aRDAKAT$$b90$$c20170606$$lACC01$$h1319
012330647 CAT   L $$aRDAKAT$$b90$$c20170606$$lACC01$$h1341
