010771325 LDR   L 00000nam#a2200000#cb4500
010771325 001   L AC10787547
010771325 003   L AT-OBV
010771325 005   L 20170704033600.0
010771325 007   L tu
010771325 008   L 130422|2013####gw############|||#|#ger#u
010771325 009   L AC10787547
010771325 020   L $$a9783772825057$$cGewebe
010771325 035   L $$a(DE-599)HBZHT017526529
010771325 040   L $$aUBK$$bger$$dRDA$$erda
010771325 041   L $$ager$$alat
010771325 044   L $$cXA-DE
010771325 08274 L $$a172.422$$qUBWFRA$$222/ger
010771325 084   L $$a100$$a230$$a320$$qDE-101$$2sdnb
010771325 084   L $$a11.53$$2bkl
010771325 084   L $$a89.76$$2bkl
010771325 084   L $$aBN 2973$$2rvk
010771325 084   L $$aCE 8104$$2rvk
010771325 08904 L $$a172.422$$c172.422$$eDDC22ger
010771325 1001  L $$aSuárez, Francisco$$d1548-1617$$0(DE-588)118619799$$4aut
010771325 24500 L $$aDe pace - de bello$$b = Über den Frieden - über den Krieg$$cFrancisco Suárez ; herausgegeben und eingeleitet von Markus Kremer ; ins Deutsche übersetzt von Markus Kremer und Josef de Vries ; mit einem Vorwort von Peter Schallenberg
010771325 24631 L $$aÜber den Frieden - über den Krieg
010771325 24630 L $$aBeispiel 5A.01.21 | TUT - Teile mit unabhängigem Titel - Stücktitel (D-A-CH AWR für 1.5.4) | Gesamttitelangabe (RDA 2.12) | Haupttitel der Reihe (RDA 2.12.2) | Haupttitel der Unterreihe (RDA 2.12.10) | Paralleltitel | Übersetzer | Übersetzung
010771325 264 1 L $$aStuttgart-Bad Cannstatt$$bfrommann-holzboog$$c2013
010771325 300   L $$aLXIV, 267 Seiten$$bIllustrationen
010771325 336   L $$btxt
010771325 337   L $$bn
010771325 338   L $$bnc
010771325 4901  L $$aPolitische Philosophie und Rechtstheorie des Mittelalters und der Neuzeit. Reihe I, Texte$$vBand 2
010771325 500   L $$aLiteraturverzeichnis: Seite 245-253
010771325 546   L $$aText deutsch und lateinisch
010771325 655 7 L $$aQuelle$$0(DE-588)4135952-5$$2gnd-content
010771325 68900 L $$aKrieg$$Ds$$0(DE-588)4033114-3
010771325 68901 L $$aFriede$$Ds$$0(DE-588)4071465-2
010771325 68902 L $$aPolitische Ethik$$Ds$$0(DE-588)4129503-1
010771325 68903 L $$aMoraltheologie$$Ds$$0(DE-588)4074972-1
010771325 68904 L $$aScholastik$$Ds$$0(DE-588)4053169-7
010771325 6890  L $$5AT-OBV$$5DNB
010771325 68910 L $$aSuárez, Francisco$$d1548-1617$$Dp$$0(DE-588)118619799
010771325 68911 L $$aKrieg$$Ds$$0(DE-588)4033114-3
010771325 68912 L $$aFriede$$Ds$$0(DE-588)4071465-2
010771325 68913 L $$aRecht$$Ds$$0(DE-588)4048737-4
010771325 68914 L $$aMoral$$Ds$$0(DE-588)4040222-8
010771325 6891  L $$5AT-OBV$$5UBWFRA
010771325 7001  L $$aKremer, Markus$$0(DE-588)133938247$$4edt$$4win$$4trl
010771325 7001  L $$aVries, Josef <<de>>$$d1898-1989$$0(DE-588)12318987X$$4trl
010771325 7001  L $$aSchallenberg, Peter$$d1963-$$0(DE-588)123295823$$4wpr
010771325 830 0 L $$w(AT-OBV)AC08085926$$v2$$9O:1
010771325 85642 L $$mB:DE-101$$qapplication/pdf$$uhttp://d-nb.info/1033533718/04$$xDNB-TOC$$3Inhaltsverzeichnis$$oOBV-EDOC-DNBTOC
010771325 8564  L $$uhttps://wiki.dnb.de/download/attachments/106041499/Modul_5A_01_21_T.pdf?version=1&modificationDate=1448022950000&api=v2$$zwiki dnb Vorlage 5A.01.21
010771325 9700  L $$aRDA-Beispiel
010771325 9701  L $$c06
010771325 9740s L $$F030$$Aa|1ur||||||17
010771325 9740s L $$F050$$Aa|||||||||||||
010771325 9740s L $$F051$$As|||||||
010771325 CAT   L $$aUBKBLU$$b20$$c20130422$$lACC01$$h1031
010771325 CAT   L $$aUBKBLU$$b20$$c20130422$$lACC01$$h1036
010771325 CAT   L $$aUBWFRA$$b20$$c20140821$$lACC01$$h1603
010771325 CAT   L $$aUBWSBE$$b20$$c20140908$$lACC01$$h1612
010771325 CAT   L $$aUBWFRA$$b20$$c20140915$$lACC01$$h0915
010771325 CAT   L $$aUBWFRA$$b20$$c20140915$$lACC01$$h0916
010771325 CAT   L $$aBATCH-UPD$$b20$$c20140915$$lACC01$$h1946
010771325 CAT   L $$aOAWMUS$$b20$$c20160511$$lACC01$$h1446
010771325 CAT   L $$aOAWMUS$$b20$$c20160511$$lACC01$$h1450
010771325 CAT   L $$aRDAKAT$$b90$$c20160520$$lACC01$$h0746
010771325 CAT   L $$aRDAKAT$$b90$$c20160520$$lACC01$$h1051
010771325 CAT   L $$aRDAKAT$$b90$$c20160520$$lACC01$$h1059
010771325 CAT   L $$aRDAKAT$$b90$$c20161213$$lACC01$$h1340
010771325 CAT   L $$aRDAKAT$$b90$$c20170118$$lACC01$$h1423
010771325 CAT   L $$aRDAKAT$$b90$$c20170529$$lACC01$$h0843
010771325 CAT   L $$aBATCH-UPD$$b90$$c20170704$$lACC01$$h0336
