013200055 LDR   L 00000nam#a2200000#c#4500
013200055 001   L AC13428884
013200055 003   L AT-OBV
013200055 005   L 20170804162400.0
013200055 007   L tu
013200055 008   L 170120|2008####xxu###########|||#|#eng#u
013200055 009   L AC13428884
013200055 020   L $$a9780545065238
013200055 020   L $$a0545065232
013200055 035   L $$a(DE-599)HBZHT019100332
013200055 040   L $$aRDA$$bger$$dRDA$$erda
013200055 041   L $$aeng
013200055 044   L $$cXD-US
013200055 1001  L $$aThaler, Mike$$d1936-$$0(DE-588)112381614X$$4aut
013200055 24500 L $$a<<The>> Librarian from the black lagoon$$cstory by Mike Thaler ; pictures by Jared Lee
013200055 24630 L $$aBeispiel 3.20 | Monografie | Einzelne Einheit | Bilderbuch | Erfassen des Inhaltstyps "unbewegtes Bild" (RDA-6.9.1.3)
013200055 264 1 L $$aNew York$$aToronto$$aLondon$$aAukland$$bScholastic Inc.$$cAugust 2008
013200055 300   L $$a32 ungezählte Seiten
013200055 336   L $$bsti
013200055 336   L $$btxt
013200055 337   L $$bn
013200055 338   L $$bnc
013200055 4900  L $$aCartwheel books
013200055 655 7 L $$aBilderbuch$$0(DE-588)4006604-6$$2gnd-content
013200055 7001  L $$aLee, Jared$$d1943-$$0(DE-588)134212991$$4art
013200055 8564  L $$uhttps://wiki.dnb.de/download/attachments/106041499/Modul_3_20_T.pdf?version=1&modificationDate=1432033563000&api=v2$$zwiki dnb Vorlage 3.20
013200055 9700  L $$aRDA-Beispiel
013200055 9701  L $$c56
013200055 9704  L $$bHBZ
013200055 9740s L $$F030$$Aa|zur||||||17
013200055 9740s L $$F050$$Aa|||||||||||||
013200055 9740s L $$F051$$Am|||||||
013200055 CAT   L $$aRDAKAT$$b90$$c20170120$$lACC01$$h1001
013200055 CAT   L $$aRDAKAT$$b90$$c20170320$$lACC01$$h1219
013200055 CAT   L $$aBATCH-UPD$$b90$$c20170324$$lACC01$$h2204
013200055 CAT   L $$aRDAKAT$$b90$$c20170529$$lACC01$$h0837
013200055 CAT   L $$aRDAKAT$$b90$$c20170804$$lACC01$$h1619
013200055 CAT   L $$aRDAKAT$$b90$$c20170804$$lACC01$$h1624
