013555947 LDR   L 00000nam#a2200000#c#4500
013555947 001   L AC13737556
013555947 003   L AT-OBV
013555947 005   L 20170705194300.0
013555947 007   L tu
013555947 008   L 170629|1820####fr############|||#|#fre#u
013555947 009   L AC13737556
013555947 035   L $$a(DE-599)OBVAC13737556
013555947 040   L $$aONB$$bger$$dONB$$erda
013555947 041   L $$afre$$hlat
013555947 044   L $$cXA-FR
013555947 084   L $$a11.62$$2bkl
013555947 084   L $$a11.63$$2bkl
013555947 1000  L $$aThomas$$cvon Kempen$$d1379-1471$$0(DE-588)118642766$$4aut
013555947 24010 L $$aDe imitatione Christi$$0(DE-588)4324472-5
013555947 24500 L $$a<<L'>> Imitation De Jesus-Christ$$bTraduite En François Par Le R. P. De Gonnelieu, De La companie De Jésus ; Augmentée De L'Abrégé De La Doctrine 'Chrétienne Par M. L'Abbe De La Hogue, De La Sainte Messe', Des Psaumes De La Pénitence, Et Autres Priéres, etc. etc.
013555947 264 1 L $$aA Paris$$bChez Lefuel, Libraire-Éditeur, rue Saint-Jacques, n° 54, au Bon-Pasteur$$bDe L'Imprimerie De P. Didot L'Aine Chevalier De L'Ordre Royal De Saint-Michel, Imprimeur Du Roi$$cM.DCCCXX
013555947 300   L $$axlviij, 456 Seiten, 7 ungezählte Blätter mit Kupfertafeln, 1 ungezähltes Blatt mit Text$$b7 Illustrationen
013555947 336   L $$btxt
013555947 337   L $$bn
013555947 338   L $$bnc
013555947 500   L $$aErscheinungsvermerk: Paris, Lefuel, Valentin 1820
013555947 500   L $$aMit zusätzlichem Kupfertitel. - Die Illustrationen sind Kupferstiche
013555947 500   L $$aKupfertitel mit dem Zusatz: Ornée des Sept Sacraments, gravés d'apres le Tableaux du Célèbre Poussin. - Kupfertafeln: Couché Aq. F. ; Pigeot sc.
013555947 655 7 L $$aQuelle$$0(DE-588)4135952-5$$2gnd-content
013555947 68900 L $$aNachfolge Christi$$Ds$$0(DE-588)4075166-1
013555947 6890  L $$5AT-OBV$$5ONBLOG
013555947 68910 L $$aErbauungsliteratur$$Ds$$0(DE-588)4129866-4
013555947 6891  L $$5AT-OBV$$5ONBLOG
013555947 7001  L $$aGonnelieu, Jérôme <<de>>$$d1640-1715$$0(DE-588)174116969$$4trl
013555947 7001  L $$aCouché, François-Louis$$d1782-1849$$0(DE-588)123091756$$4ill
013555947 7001  L $$aPigeot, François$$d1775-$$0(DE-588)1036250113$$4ill
013555947 7001  L $$aLefuel, Valentin$$4pbl
013555947 7001  L $$aDidot, Pierre$$d1761-1853$$0(DE-588)117636940$$4prt
013555947 751   L $$aParis$$0(DE-588)4044660-8$$4pup$$2gnd
013555947 9700  L $$aRDA-Beispiel
013555947 9701  L $$c06
013555947 9740s L $$F030$$Aa|1urr|||||17
013555947 9740s L $$F050$$Aa|a|||||||||||
013555947 9740s L $$F051$$Am|||||||
013555947 CAT   L $$aONBLOG$$b20$$c20170629$$lACC01$$h1607
013555947 CAT   L $$aONBLOG$$b20$$c20170629$$lACC01$$h1610
013555947 CAT   L $$aONBLOG$$b20$$c20170629$$lACC01$$h1622
013555947 CAT   L $$aONBLOG$$b20$$c20170629$$lACC01$$h1628
013555947 CAT   L $$aONBLOG$$b20$$c20170629$$lACC01$$h1909
013555947 CAT   L $$aONBLOG$$b20$$c20170629$$lACC01$$h1917
013555947 CAT   L $$aONBLOG$$b20$$c20170705$$lACC01$$h1926
013555947 CAT   L $$aONBLOG$$b20$$c20170705$$lACC01$$h1928
013555947 CAT   L $$aONBLOG$$b20$$c20170705$$lACC01$$h1929
013555947 CAT   L $$aONBLOG$$b20$$c20170705$$lACC01$$h1931
013555947 CAT   L $$aONBLOG$$b20$$c20170705$$lACC01$$h1933
013555947 CAT   L $$aONBLOG$$b20$$c20170705$$lACC01$$h1939
013555947 CAT   L $$aONBLOG$$b20$$c20170705$$lACC01$$h1943
