013560923 LDR   L 00000nam#a2200000#c#4500
013560923 001   L AC13741926
013560923 003   L AT-OBV
013560923 005   L 20170706183300.0
013560923 007   L tu
013560923 008   L 170705|1772####xx############|||#|#ger#u
013560923 009   L AC13741926
013560923 035   L $$a(DE-599)OBVAC13741926
013560923 040   L $$aONB$$bger$$dONB$$erda
013560923 041   L $$ager$$hfre
013560923 044   L $$cXA-DXDE$$cXA-AAAT$$cXA-AT
013560923 084   L $$a49.00$$2bkl
013560923 084   L $$a44.14$$2bkl
013560923 1001  L $$aTissot, Samuel A. D.$$d1728-1797$$0(DE-588)119073773$$4aut
013560923 24010 L $$aAvis au peuple sur sa santé
013560923 24500 L $$aHerrn S. A. D. Tissot ... Anleitung für das Landvolk in Absicht auf seine Gesundheit$$bOder: Gemeinnützliches und sehr bewährtes Haus-Arzney-Buch, besonders für das Volk auf dem Lande, Wie man sich bey grassirenden und ansteckenden Krankheiten, als Hitzigen- Faulen- Bösartigen- und Wechsel-Fiebern zu verhalten$$cAus dem Französischen übersetzt durch H. C. Hirzel, Med. Doct. &c.
013560923 24633 L $$aAnleitung für das Landvolk in Absicht auf seine Gesundheit
013560923 24633 L $$aGemeinnützliches und sehr bewährtes Haus-Arzney-Buch, besonders für das Volk auf dem Lande
013560923 250   L $$aNeueste, mit allen Zusätzen, und dem Register über das ganze Werk, vermehrte Auflage
013560923 264 1 L $$aAugsburg und Innsbruck$$bIm Verlag bey Joseph Wolff$$c1772
013560923 300   L $$a24 ungezählte Seiten, 652 Seiten, 12 ungezählte Seiten, 1 ungezähltes Blatt mit Illustration$$bPorträt, Illustration
013560923 336   L $$btxt
013560923 337   L $$bn
013560923 338   L $$bnc
013560923 500   L $$a24 ungezählte Seiten auf 13 Blättern. - Seite 1 ist nicht paginiert. - Das Porträt ist ein Kupferstich, die Illustration ist ein Wappenkupfer im Text
013560923 655 7 L $$aQuelle$$0(DE-588)4135952-5$$2gnd-content
013560923 655 7 L $$aRatgeber$$0(DE-588)4048476-2$$2gnd-content
013560923 68900 L $$aHausväterliteratur$$Ds$$0(DE-588)4254481-6
013560923 6890  L $$5AT-OBV$$5ONBLOG
013560923 68910 L $$aLandbevölkerung$$Ds$$0(DE-588)4034229-3
013560923 68911 L $$aGesundheitsvorsorge$$Ds$$0(DE-588)4136584-7
013560923 68912 L $$aKrankheit$$Ds$$0(DE-588)4032844-2
013560923 68913 L $$aTherapie$$Ds$$0(DE-588)4059798-2
013560923 68914 L $$aArzneimittel$$Ds$$0(DE-588)4003115-9
013560923 6891  L $$5AT-OBV$$5ONBLOG
013560923 7001  L $$aHirzel, Hans Caspar$$d1725-1803$$0(DE-588)119020890$$4trl
013560923 7001  L $$aWolff, Joseph$$4ctb
013560923 7001  L $$aEnzenberg, Ignaz Kassian Bonaventura <<von>>$$d1709-1772$$0(DE-588)1032359471$$4dte
013560923 7001  L $$aSterzinger von Salzrein, Nicolaus$$d-1774$$0(DE-588)1027783694$$4ctb
013560923 7001  L $$aWolff, Joseph$$4pbl
013560923 751   L $$aAugsburg$$0(DE-588)4003614-5$$4pup$$2gnd
013560923 751   L $$aInnsbruck$$0(DE-588)4027096-8$$4pup$$2gnd
013560923 9700  L $$aRDA-Beispiel
013560923 9701  L $$c34
013560923 9740s L $$F030$$Aa|1urr|||||17
013560923 9740s L $$F050$$Aa|a|||||||||||
013560923 9740s L $$F051$$Am|||||||
013560923 CAT   L $$aONBSPA$$b20$$c20170705$$lACC01$$h1517
013560923 CAT   L $$aONBSPA$$b20$$c20170705$$lACC01$$h1520
013560923 CAT   L $$aONBSPA$$b20$$c20170705$$lACC01$$h1532
013560923 CAT   L $$aONBLOG$$b20$$c20170705$$lACC01$$h1543
013560923 CAT   L $$aONBLOG$$b20$$c20170706$$lACC01$$h1730
013560923 CAT   L $$aONBLOG$$b20$$c20170706$$lACC01$$h1752
013560923 CAT   L $$aONBLOG$$b20$$c20170706$$lACC01$$h1831
013560923 CAT   L $$aONBLOG$$b20$$c20170706$$lACC01$$h1832
013560923 CAT   L $$aONBLOG$$b20$$c20170706$$lACC01$$h1833
