003573623 LDR   L 00000nam#a2200000#cb4500
003573623 001   L AC03582978
003573623 003   L AT-OBV
003573623 005   L 20170629234400.0
003573623 007   L tu
003573623 008   L 021129|2002####gw#######m####|||#u#ger#u
003573623 009   L AC03582978
003573623 015   L $$a02,N45,0242$$2dnb
003573623 020   L $$a389783345X$$cbrosch. : EUR 39.00
003573623 035   L $$a(DE-599)OBVAC03582978
003573623 040   L $$aBOK$$bger$$c292$$dRDA$$erda
003573623 041   L $$ager
003573623 044   L $$cXA-DE
003573623 084   L $$a39$$a18$$qDE-101$$2sdnb
003573623 084   L $$a86.74$$2bkl
003573623 084   L $$aPF 435$$2rvk$$9O: Automatisch aus BVB_2013-06 2013-05-09
003573623 090   L $$hh
003573623 1001  L $$aWieland, Mathias$$4aut
003573623 24500 L $$a<<Das>> Arbeitsverhältnis in der Landwirtschaft$$cMathias Wieland
003573623 24630 L $$aBeispiel 3.41 | TUT - Teile mit unabhängigem Titel - Stücktitel (D-A-CH AWR für 1.5.4) | Buchhandelsausgabe einer Hochschulschrift | Hochschulschriftenvermerk (D-A-CH AWR für 7.9) | Gesamttitelangabe (RDA 2.12) | Haupttitel der Reihe (RDA 2.12.2) | Haupttitel der Unterreihe (RDA 2.12.10)
003573623 264 1 L $$aRegensburg$$bS. Roderer Verlag$$c2002
003573623 300   L $$aXXX, 258 Seiten$$c21 cm
003573623 336   L $$btxt
003573623 337   L $$bn
003573623 338   L $$bnc
003573623 4901  L $$aTheorie und Forschung$$vBd. 776$$aRechtswissenschaften$$vBd. 114
003573623 502   L $$bDissertation$$cUniversität Regensburg$$d2002
003573623 655 7 L $$aHochschulschrift$$0(DE-588)4113937-9$$2gnd-content
003573623 68900 L $$aBayern$$Dg$$0(DE-588)4005044-0
003573623 68901 L $$aLandarbeiter$$Ds$$0(DE-588)4034217-7
003573623 68902 L $$aArbeitsrecht$$Ds$$0(DE-588)4002769-7
003573623 6890  L $$5AT-OBV$$5BOKCPH
003573623 830 0 L $$w(AT-OBV)AC00282596$$v114$$9O:1
003573623 8564  L $$uhttps://wiki.dnb.de/download/attachments/106041499/Modul_3_41_T.pdf?version=3&modificationDate=1462354058000&api=v2$$zwiki dnb Vorlage 3.41
003573623 9700  L $$aRDA-Beispiel
003573623 9701  L $$c43
003573623 9740s L $$F030$$Aa|1drz|z|||17
003573623 9740s L $$F050$$Aa|a|||||||||||
003573623 9740s L $$F051$$Asu||z||
003573623 CAT   L $$aBOKLIR$$b20$$c20021129$$lACC01$$h1632
003573623 CAT   L $$aBOKMAR$$b20$$c20030115$$lACC01$$h1050
003573623 CAT   L $$aBOKCPH$$b20$$c20030122$$lACC01$$h1151
003573623 CAT   L $$aBOKLIN$$b20$$c20030128$$lACC01$$h1147
003573623 CAT   L $$aBATCH-UPD$$b20$$c20120511$$lACC01$$h2332
003573623 CAT   L $$aBATCH-UPD$$b20$$c20120610$$lACC01$$h1728
003573623 CAT   L $$aBATCH-UPD$$b20$$c20130509$$lACC01$$h1849
003573623 CAT   L $$aOAWMUS$$b20$$c20160511$$lACC01$$h1504
003573623 CAT   L $$aOAWMUS$$b20$$c20160520$$lACC01$$h0716
003573623 CAT   L $$aOAWMUS$$b20$$c20160520$$lACC01$$h0733
003573623 CAT   L $$aRDAKAT$$b90$$c20160520$$lACC01$$h0746
003573623 CAT   L $$aRDAKAT$$b90$$c20160520$$lACC01$$h1114
003573623 CAT   L $$aRDAKAT$$b90$$c20170529$$lACC01$$h0828
003573623 CAT   L $$aRDAKAT$$b90$$c20170529$$lACC01$$h0831
003573623 CAT   L $$aBATCH-UPD$$b90$$c20170629$$lACC01$$h2344
