005553675 LDR   L 00000nam#a2200000#cc4500
005553675 001   L AC05717574
005553675 003   L AT-OBV
005553675 005   L 20170703002900.0
005553675 007   L tu
005553675 008   L 061025|2006####gw############|||#|#ger#u
005553675 009   L AC05717574
005553675 020   L $$a9783100925565
005553675 020   L $$a3100925564
005553675 035   L $$a(DE-599)OBVAC05717574
005553675 040   L $$aUBS$$bger$$dRDA$$erda
005553675 041   L $$ager
005553675 044   L $$cXA-DE
005553675 084   L $$aHM 4812$$2rvk$$9O: Automatisch aus BVB_2012-06 2013-06-03
005553675 1001  L $$aWoolf, Virginia$$d1882-1941$$0(DE-588)118635174$$4aut$$9O:H
005553675 24500 L $$aGesammelte Werke$$pBriefe$$n1$$p1888-1927 / deutsch von Brigitte Walitzek$$cVirginia Woolf ; herausgegeben von Klaus Reichert
005553675 24630 L $$aBeispiel 5A.01.10 | Mehrteilige Monografie | Aufnahme für einen Teil mit abhängigem Titel - TAT | Formatitel Werke (RDA 6.2.2.10.1) | keine durchlaufende Zählung
005553675 264 1 L $$aFrankfurt am Main$$bS. Fischer$$c[2006]
005553675 300   L $$aXII, 547 Seiten
005553675 336   L $$btxt
005553675 337   L $$bn
005553675 338   L $$bnc
005553675 68900 L $$aWoolf, Virginia$$d1882-1941$$Dp$$0(DE-588)118635174
005553675 68901 L $$aBriefsammlung 1888-1927$$Af
005553675 6890  L $$5AT-OBV$$5UBSMCC
005553675 7001  L $$aWalitzek, Brigitte$$d1952-$$0(DE-588)133972100$$4trl
005553675 7001  L $$aReichert, Klaus$$d1938-$$0(DE-588)116399309$$4edt$$9O:H
005553675 77308 L $$w(AT-OBV)AC00037084$$qB,1
005553675 8564  L $$uhttps://wiki.dnb.de/download/attachments/106041499/Modul_5A_01_10_T.pdf$$zVorlage
005553675 85642 L $$mV:AT-OBV;B:AT-UBG$$qapplication/pdf$$uhttp://media.obvsg.at/AC05717574-1001$$xUBG$$3Inhaltsverzeichnis$$oOBV-EDOC
005553675 85642 L $$mV:AT-OBV;B:AT-UBG$$qtext/plain$$uhttp://media.obvsg.at/AC05717574-3401$$xUBG$$3Klappentext$$oOBV-EDOC
005553675 85642 L $$mV:AT-OBV;B:AT-UBG$$qimage/jpeg$$uhttp://media.obvsg.at/AC05717574-4001$$xUBG$$3Umschlagbild$$oOBV-EDOC
005553675 9700  L $$aRDA-Beispiel
005553675 9701  L $$c56
005553675 9740s L $$F030$$Aa|1urr|||||||
005553675 9740s L $$F050$$Aa|a|||||||||||
005553675 9740s L $$F051$$A||||||||
005553675 CAT   L $$aUBSRAT$$b20$$c20061025$$lACC01$$h1257
005553675 CAT   L $$aUBSMCC$$b20$$c20061027$$lACC01$$h1345
005553675 CAT   L $$aBATCH$$b20$$c20070712$$lACC01$$h2215
005553675 CAT   L $$aBATCH-UPD$$b20$$c20100228$$lACC01$$h1403
005553675 CAT   L $$aBATCH$$b20$$c20101017$$lACC01$$h0122
005553675 CAT   L $$aOBVSYS1$$b20$$c20101214$$lACC01$$h1340
005553675 CAT   L $$aBATCH$$b20$$c20101214$$lACC01$$h1624
005553675 CAT   L $$aBATCH-UPD$$b20$$c20120512$$lACC01$$h0053
005553675 CAT   L $$aBATCH-UPD$$b20$$c20130603$$lACC01$$h1940
005553675 CAT   L $$aRDAKAT$$b90$$c20170120$$lACC01$$h1438
005553675 CAT   L $$aRDAKAT$$b90$$c20170213$$lACC01$$h1405
005553675 CAT   L $$aRDAKAT$$b90$$c20170320$$lACC01$$h1224
005553675 CAT   L $$aBATCH-UPD$$b90$$c20170703$$lACC01$$h0029
