000590201 LDR   L 00000nam#a2200000#ca4500
000590201 001   L AC00037084
000590201 003   L AT-OBV
000590201 005   L 20170624113900.0
000590201 007   L tu
000590201 008   L 900517|19899999gw############|||#|#ger#u
000590201 009   L AC00037084
000590201 015   L $$a89,A30,1117$$2dnb
000590201 035   L $$a(DE-599)OBVAC00037084
000590201 040   L $$aUBS$$bger$$dRDA$$erda
000590201 041   L $$ager
000590201 044   L $$cXA-DE
000590201 0827  L $$a823.912$$222
000590201 084   L $$a18.05$$2bkl
000590201 084   L $$a17.97$$2bkl
000590201 084   L $$aHM 4810$$2rvk
000590201 1001  L $$aWoolf, Virginia$$d1882-1941$$0(DE-588)118635174$$4aut
000590201 24010 L $$aWerke
000590201 24500 L $$aGesammelte Werke$$cVirginia Woolf ; herausgegeben von Klaus Reichert
000590201 24630 L $$aMehrteilige Monografie | Aufnahme für einen Teil mit abhängigem Titel - TAT | Formatitel Werke (RDA 6.2.2.10.1) | keine durchlaufende Zählung
000590201 264 1 L $$aFrankfurt am Main$$bS. Fischer$$c[1989]-
000590201 336   L $$btxt
000590201 337   L $$bn
000590201 338   L $$bnc
000590201 7001  L $$aReichert, Klaus$$d1938-$$0(DE-588)116399309$$4edt
000590201 8564  L $$uhttps://wiki.dnb.de/download/attachments/106041499/Modul_5A_01_10_T.pdf$$zVorlage
000590201 9700  L $$aRDA-Beispiel
000590201 9701  L $$c56
000590201 9740s L $$F030$$Aa|1urr|||||17
000590201 9740s L $$F050$$Aa|a|||||||||||
000590201 9740s L $$F051$$An|||||||
000590201 CAT   L $$aBATCH$$b20$$c19981218$$lACC01$$h2229
000590201 CAT   L $$aUBWU05$$b20$$c19990917$$lACC01$$h1219
000590201 CAT   L $$aONBKAR$$b20$$c20000703$$lACC01$$h1436
000590201 CAT   L $$aUBIBRH$$b20$$c20010928$$lACC01$$h0741
000590201 CAT   L $$aUBIBRH$$b20$$c20010928$$lACC01$$h0759
000590201 CAT   L $$aUBIBRH$$b20$$c20010928$$lACC01$$h0801
000590201 CAT   L $$aUBIBRH$$b20$$c20010928$$lACC01$$h0825
000590201 CAT   L $$aUBIBRH$$b20$$c20010928$$lACC01$$h0851
000590201 CAT   L $$aUBIBRH$$b20$$c20010928$$lACC01$$h0851
000590201 CAT   L $$aUBIBRH$$b20$$c20010928$$lACC01$$h1004
000590201 CAT   L $$aLBOLIN$$b20$$c20061107$$lACC01$$h1541
000590201 CAT   L $$aLBOLIN$$b20$$c20080918$$lACC01$$h1839
000590201 CAT   L $$aONBKAB$$b20$$c20090212$$lACC01$$h1548
000590201 CAT   L $$aOBVSYS1$$b20$$c20101214$$lACC01$$h1340
000590201 CAT   L $$aBATCH$$b20$$c20101214$$lACC01$$h1430
000590201 CAT   L $$aUMWFRT$$b20$$c20110708$$lACC01$$h1104
000590201 CAT   L $$aUMWFRT$$b20$$c20110802$$lACC01$$h1506
000590201 CAT   L $$aBATCH-UPD$$b20$$c20120511$$lACC01$$h2118
000590201 CAT   L $$aUBGBBI3$$b20$$c20150225$$lACC01$$h1230
000590201 CAT   L $$aUBGBBI2$$b20$$c20150227$$lACC01$$h1315
000590201 CAT   L $$aUBSHKJ$$b20$$c20160218$$lACC01$$h1413
000590201 CAT   L $$aRDAKAT$$b90$$c20170120$$lACC01$$h1432
000590201 CAT   L $$aRDAKAT$$b90$$c20170120$$lACC01$$h1433
000590201 CAT   L $$aRDAKAT$$b90$$c20170213$$lACC01$$h1405
000590201 CAT   L $$aBATCH-UPD$$b90$$c20170624$$lACC01$$h1139
