000590213 LDR   L 00000nam#a2200000#cb4500
000590213 001   L AC02279867
000590213 003   L AT-OBV
000590213 005   L 20170624225100.0
000590213 007   L tu
000590213 008   L 980331|1998####gw############|||#|#ger#u
000590213 009   L AC02279867
000590213 020   L $$a3100925637
000590213 035   L $$a(DE-599)OBVAC02279867
000590213 040   L $$aUBW$$bger$$dRDA$$erda
000590213 041   L $$ager
000590213 044   L $$cXA-DE
000590213 1001  L $$aWoolf, Virginia$$d1882-1941$$0(DE-588)118635174$$4aut
000590213 24010 L $$aJacob's room$$0(DE-588)4137245-1
000590213 24500 L $$aJacobs Zimmer$$cVirginia Woolf ; deutsch von Heidi Zerning
000590213 24630 L $$aBeispiel 5A.01.11 | Mehrteilige Monografie | Aufnahme für einen Teil mit unabhängigem Titel - TUT | originalsprachiger Titel als bevorzugter Titel des Werks (RDA 6.2.2.4)
000590213 264 1 L $$aFrankfurt am Main$$bS. Fischer$$c[1998]
000590213 300   L $$a205 Seiten
000590213 336   L $$btxt
000590213 337   L $$bn
000590213 338   L $$bnc
000590213 4901  L $$aGesammelte Werke / Virginia Woolf. Prosa$$v4
000590213 7001  L $$aZerning, Heidi$$d1940-$$0(DE-588)120025418$$4trl
000590213 830 0 L $$w(AT-OBV)AC00037084$$vP,4$$9O:1
000590213 8564  L $$uhttps://wiki.dnb.de/download/attachments/106041499/Modul_5A_01_11_T.pdf$$zVorlage
000590213 9700  L $$aRDA-Beispiel
000590213 9701  L $$c56
000590213 9740s L $$F030$$Aa|1urr|||||17
000590213 9740s L $$F050$$Aa|a|||||||||||
000590213 9740s L $$F051$$As|||||||
000590213 CAT   L $$aBATCH$$b20$$c19981218$$lACC01$$h2229
000590213 CAT   L $$aUBSJAN$$b20$$c20020910$$lACC01$$h1520
000590213 CAT   L $$aUBSJAN$$b20$$c20020910$$lACC01$$h1522
000590213 CAT   L $$aUBSEHO$$b20$$c20030325$$lACC01$$h1459
000590213 CAT   L $$aLBOKRA$$b20$$c20030526$$lACC01$$h0935
000590213 CAT   L $$aOBVSYS1$$b20$$c20101214$$lACC01$$h1340
000590213 CAT   L $$aBATCH$$b20$$c20101214$$lACC01$$h1430
000590213 CAT   L $$aRDAKAT$$b90$$c20170120$$lACC01$$h1443
000590213 CAT   L $$aRDAKAT$$b90$$c20170120$$lACC01$$h1445
000590213 CAT   L $$aRDAKAT$$b90$$c20170120$$lACC01$$h1445
000590213 CAT   L $$aRDAKAT$$b90$$c20170213$$lACC01$$h1405
000590213 CAT   L $$aRDAKAT$$b90$$c20170227$$lACC01$$h0948
000590213 CAT   L $$aRDAKAT$$b90$$c20170320$$lACC01$$h1225
000590213 CAT   L $$aBATCH-UPD$$b90$$c20170624$$lACC01$$h2251
