013441976 LDR   L 00000nam#a2200000#c#4500
013441976 001   L AC13696390
013441976 003   L AT-OBV
013441976 005   L 20170511154200.0
013441976 007   L tu
013441976 008   L 170509|1709####xx############|||#|#ger#u
013441976 009   L AC13696390
013441976 0247  L $$aVD18 14776790$$2vd18
013441976 035   L $$a(DE-599)OBVAC13696390
013441976 040   L $$aONB$$bger$$dRDA$$erda$$evd18
013441976 041   L $$ager
013441976 044   L $$cXA-DXDE
013441976 084   L $$a15.12$$2bkl
013441976 1001  L $$aZeibich, Christoph Heinrich$$d1677-1748$$0(DE-588)124687261$$4aut
013441976 24500 L $$aL. Christoph Heinrich Zeibichs/ Pastoris und Superintendentens zu Baruth/ Genealogische Tabellen/ Uber das Uralte Reichs-Gräfliche Hauß Zu Solms/ Von dessen ersten biß zu ietzigen Zeiten$$bNebst beygefügten Historischen Erläuterungen/ Vom ersten Ursprunge/ glorieusen Fortgange/ und merckwürdigen Fatis dieses Hohen Geschlechts. Am Ende wird/ wegen des Stammhauses dieser Hohen, beygefügt D. Erasmi Alberi Kurtze Beschreibung der Wetteraw/ Auch letzt gedachten Auctoris Leben
013441976 24633 L $$aKurtze Beschreibung der Wetteraw
013441976 24633 L $$aKurze Beschreibung der Wetterau
013441976 24630 L $$aBeispiel 6AD.16 | RDA 2.3.1.5 Namen als integraler Bestandteil des Titels | RDA 3.4.5.3.1 gezählte und ungezählte Folgen: letztes einseitig bedrucktes Blatt gehört zur letzten Lage und wird deshalb als 1 ungezählte Seite erfasst | RDA 3.12.1.3 DACH Buchformat: Querformat
013441976 264 1 L $$aBerlin$$aWittenberg$$aZerbst$$bBey Joh. Willhelm Meyern und Gottfried Zimmermann$$c1709
013441976 300   L $$a7 ungezählte Seiten, 44 Seiten, 1 ungezählte Seite$$cquer-2°
013441976 336   L $$btxt
013441976 337   L $$bn
013441976 338   L $$bnc
013441976 68900 L $$aSolms$$cFamilie$$Dp$$0(DE-588)118748815
013441976 68901 L $$aGenealogische Tafel$$Af
013441976 6890  L $$5AT-OBV$$5ONBSRD
013441976 68910 L $$aSolms$$cFamilie$$Dp$$0(DE-588)118748815
013441976 68911 L $$aGeschichte Anfänge-1709$$Az
013441976 6891  L $$5AT-OBV$$5ONBSRD
013441976 68920 L $$aWetterau$$Dg$$0(DE-588)4065855-7
013441976 6892  L $$5AT-OBV$$5ONBSRD
013441976 68930 L $$aAlberus, Erasmus$$d1500-1553$$Dp$$0(DE-588)118501550
013441976 6893  L $$5AT-OBV$$5ONBSRD
013441976 7001  L $$aAlberus, Erasmus$$d1500-1553$$0(DE-588)118501550$$4aut
013441976 7001  L $$aMeyer, Johann Wilhelm$$4pbl
013441976 7001  L $$aZimmermann, Gottfried$$d1670-1723$$0(DE-588)138518939$$4pbl
013441976 8564  L $$uhttps://wiki.dnb.de/download/attachments/122262367/Modul_6_AD_16_T.pdf?version=1&modificationDate=1481034177000&api=v2$$zwiki dnb Vorlage 6AD.16
013441976 9700  L $$aRDA-Beispiel
013441976 9740s L $$F030$$Aa|1urr|||||17
013441976 9740s L $$F050$$Aa|a|||||||||||
013441976 9740s L $$F051$$Am|||||||
013441976 CAT   L $$aONBKFE$$b20$$c20170509$$lACC01$$h1526
013441976 CAT   L $$aONBSRD$$b20$$c20170510$$lACC01$$h1010
013441976 CAT   L $$aONBKFE$$b20$$c20170510$$lACC01$$h1104
013441976 CAT   L $$aRDAKAT$$b90$$c20170511$$lACC01$$h1542
