011998308 LDR   L 00000nam#a2200000#cc4500
011998308 001   L AC12132040
011998308 003   L AT-OBV
011998308 005   L 20170704045200.0
011998308 007   L tu
011998308 008   L 141217|2014####gw############|||#|#ger#u
011998308 009   L AC12132040
011998308 020   L $$a9783643116567
011998308 035   L $$a(DE-599)OBVAC12132040
011998308 040   L $$aUBW$$bger$$dRDA$$erda
011998308 041   L $$ager$$adut
011998308 044   L $$cXA-DE
011998308 24500 L $$aGrundkurs Literatur aus Flandern und den Niederlanden$$n2$$pPrimärtexte in Auswahl und deutscher Übersetzung$$cJohanna Bundschuh-van Duikeren, Lut Missinne, Jan Konst (Hg.)
011998308 24630 L $$aBeispiel 5A.01.05 | Mehrteilige Monografie | TAT | Zählung innerhalb der Reihe (D-A-CH AWR für 2.12.9.3) | Copyright-Datum (RDA 2.11)
011998308 264 1 L $$aBerlin$$bLIT$$c[2014]
011998308 300   L $$a293 Seiten
011998308 336   L $$btxt
011998308 337   L $$bn
011998308 338   L $$bnc
011998308 4901  L $$aStudienbücher zu Sprache, Literatur und Kultur in Flandern und den Niederlanden$$vBand 2
011998308 546   L $$aTexte niederländisch und deutsch
011998308 7001  L $$aBundschuh-van Duikeren, Johanna$$d1979-$$0(DE-588)1058271024$$4edt$$9O:H
011998308 7001  L $$aMissinne, Lut$$d1960-$$0(DE-588)173059589$$4edt$$9O:H
011998308 7001  L $$aKonst, Jan$$d1963-$$0(DE-588)129016586$$4edt$$9O:H
011998308 77308 L $$w(AT-OBV)AC12093928$$q2
011998308 830 0 L $$w(AT-OBV)AC12131989$$v2$$9O:1
011998308 9700  L $$aRDA-Beispiel
011998308 9701  L $$c21
011998308 9740s L $$F030$$Aa|1urr|||||||
011998308 9740s L $$F050$$Aa|a|||||||||||
011998308 9740s L $$F051$$A||||||||
011998308 CAT   L $$aUBWU05$$b20$$c20141217$$lACC01$$h0958
011998308 CAT   L $$aONBCEN$$b20$$c20150326$$lACC01$$h1112
011998308 CAT   L $$aOAWMUS$$b20$$c20170505$$lACC01$$h0959
011998308 CAT   L $$aRDAKAT$$b90$$c20170509$$lACC01$$h1356
011998308 CAT   L $$aRDAKAT$$b90$$c20170509$$lACC01$$h1443
011998308 CAT   L $$aBATCH-UPD$$b90$$c20170704$$lACC01$$h0452
