011998294 LDR   L 00000nam#a2200000#cc4500
011998294 001   L AC12132025
011998294 003   L AT-OBV
011998294 005   L 20170704045200.0
011998294 007   L tu
011998294 008   L 141217|2014####gw############|||#|#ger#u
011998294 009   L AC12132025
011998294 020   L $$a9783643116550
011998294 035   L $$a(DE-599)OBVAC12132025
011998294 040   L $$aUBW$$bger$$dRDA$$erda
011998294 041   L $$ager
011998294 044   L $$cXA-DE
011998294 24500 L $$aGrundkurs Literatur aus Flandern und den Niederlanden$$n1$$p12 Texte - 12 Zugänge$$cJohanna Bundschuh-van Duikeren, Lut Missinne, Jan Konst (Hg.)
011998294 24630 L $$aBeispiel 5A.01.05 | Mehrteilige Monografie | TAT | Zählung innerhalb der Reihe (D-A-CH AWR für 2.12.9.3) | Copyright-Datum (RDA 2.11)
011998294 264 1 L $$aBerlin$$bLIT$$c[2014]
011998294 300   L $$aii, 326 Seiten
011998294 336   L $$btxt
011998294 337   L $$bn
011998294 338   L $$bnc
011998294 4901  L $$aStudienbücher zu Sprache, Literatur und Kultur in Flandern und den Niederlanden$$vBand 1
011998294 7001  L $$aBundschuh-van Duikeren, Johanna$$d1979-$$0(DE-588)1058271024$$4edt$$9O:H
011998294 7001  L $$aMissinne, Lut$$d1960-$$0(DE-588)173059589$$4edt$$9O:H
011998294 7001  L $$aKonst, Jan$$d1963-$$0(DE-588)129016586$$4edt$$9O:H
011998294 77308 L $$w(AT-OBV)AC12093928$$q1
011998294 830 0 L $$w(AT-OBV)AC12131989$$v1$$9O:1
011998294 9700  L $$aRDA-Beispiel
011998294 9701  L $$c21
011998294 9740s L $$F030$$Aa|1urr|||||||
011998294 9740s L $$F050$$Aa|a|||||||||||
011998294 9740s L $$F051$$A||||||||
011998294 CAT   L $$aUBWU05$$b20$$c20141217$$lACC01$$h0955
011998294 CAT   L $$aONBCEN$$b20$$c20150326$$lACC01$$h1112
011998294 CAT   L $$aOAWMUS$$b20$$c20170505$$lACC01$$h0956
011998294 CAT   L $$aRDAKAT$$b90$$c20170509$$lACC01$$h1356
011998294 CAT   L $$aRDAKAT$$b90$$c20170509$$lACC01$$h1442
011998294 CAT   L $$aBATCH-UPD$$b90$$c20170704$$lACC01$$h0452
