013296403 LDR   L 00000nam#a2200000#c#4500
013296403 001   L AC13467725
013296403 003   L AT-OBV
013296403 005   L 20170320164800.0
013296403 007   L tu
013296403 008   L 170301|1776####xx############|||#|#ger#u
013296403 009   L AC13467725
013296403 0247  L $$aVD18 90316762$$2vd18
013296403 035   L $$a(DE-599)OBVAC13467725
013296403 040   L $$aONB$$bger$$dRDA$$erda$$evd18
013296403 041   L $$ager
013296403 084   L $$a17.87$$2bkl
013296403 24500 L $$aPoetische Gedanken über den schon aus drey ansehnlichen Städten verwiesenen Chronikschreiber Schubart
013296403 24633 L $$aPoetische Gedanken über den schon aus drei ansehnlichen Städten verwiesenen Chronikschreiber Schubart
013296403 24630 L $$aBeispiel 6AD.06 | Titelkupfer illustriert Text (RDA 7.15.1.3) | abweichender Titel (RDA 2.3.6) oder in 670
013296403 264 1 L $$a[Erscheinungsort nicht ermittelbar]$$b[Verlag nicht ermittelbar]$$c1776
013296403 300   L $$a4 ungezählte Seiten$$b1 Illustration$$c4°
013296403 336   L $$btxt
013296403 337   L $$bn
013296403 338   L $$bnc
013296403 500   L $$aDie Illustration ist ein Titelkupfer
013296403 655 7 L $$aFlugschrift$$0(DE-588)4154770-6$$2gnd-content
013296403 68900 L $$aSchubart, Christian Friedrich Daniel$$d1739-1791$$Dp$$0(DE-588)118610953
013296403 68901 L $$aÖsterreich$$Dg$$0(DE-588)4043271-3
013296403 68902 L $$aPolemik$$Ds$$0(DE-588)4174997-2
013296403 68903 L $$aGeschichte 1776$$Az
013296403 68904 L $$aQuelle$$Af
013296403 6890  L $$5AT-OBV$$5ONBSRD
013296403 9700  L $$aRDA-Beispiel
013296403 9701  L $$c01
013296403 9740s L $$F030$$Aa|1urr|||||37
013296403 9740s L $$F050$$Aa|a|||||||||||
013296403 9740s L $$F051$$Am|||||||
013296403 CAT   L $$aONBKFE$$b20$$c20170301$$lACC01$$h1614
013296403 CAT   L $$aRDAKAT$$b90$$c20170320$$lACC01$$h1231
013296403 CAT   L $$aRDAKAT$$b90$$c20170320$$lACC01$$h1647
013296403 CAT   L $$aRDAKAT$$b90$$c20170320$$lACC01$$h1648
