007991020 LDR   L 00000nas#a2200000#c#4500
007991020 001   L AC08085926
007991020 003   L AT-OBV
007991020 005   L 20170703041800.0
007991020 007   L tu
007991020 008   L 100322|20109999gw##|#m#######|####|ger#u
007991020 009   L AC08085926
007991020 0167  L $$a1001008006$$2DE-101b
007991020 0167  L $$aZDB-2545483-3$$2DE-600
007991020 035   L $$a(DE-600)ZDB-2545483-3
007991020 035   L $$a(DE-599)ZDB2545483-3
007991020 040   L $$aUBG$$bger$$cDNB$$dRDA$$erda
007991020 041   L $$ager$$alat
007991020 044   L $$cXA-DE
007991020 084   L $$a340$$qDE-600$$2sdnb
007991020 24500 L $$aPolitische Philosophie und Rechtstheorie des Mittelalters und der Neuzeit$$b = Political philosophy and theory of law in the Middle Ages and modernity. Series I, Texts = Filosofía política y teoría del derecho en la Edad Media y moderna. Serie I, Textos$$nReihe I$$pTexte
007991020 24631 L $$aPolitical philosophy and theory of law in the Middle Ages and modernity. Series I, Texts
007991020 24631 L $$aFilosofía política y teoría del derecho en la Edad Media y moderna. Serie I, Textos
007991020 24633 L $$aPPR
007991020 24630 L $$aBeispiel 5A.01.21 | Monografische Reihe - Schriftenreihe | Unterreihe (D-A-CH AWR für 2.3.1.7) | Paralleltitel | Paralleltitel der Unterreihe | Untergliederung
007991020 26431 L $$aStuttgart-Bad Cannstatt$$bfrommann-holzboog$$c2010-
007991020 336   L $$btxt
007991020 337   L $$bn
007991020 338   L $$bnc
007991020 3620  L $$aBand 1-
007991020 655 7 L $$aMonografische Reihe$$0(DE-588)4179998-7$$2gnd-content
007991020 9700  L $$aRDA-Beispiel
007991020 9701  L $$c54
007991020 9740s L $$F030$$Aa||dr||||||37
007991020 9740s L $$F050$$Aa|a|||||||||||
007991020 9740s L $$F052$$Ar||||||az||||||
007991020 CAT   L $$aBATCH$$b90$$c20100327$$lACC03$$h2041
007991020 CAT   L $$aBATCH$$b90$$c20100424$$lACC03$$h0053
007991020 CAT   L $$aBATCH$$b90$$c20100515$$lACC03$$h0051
007991020 CAT   L $$aBATCH$$b90$$c20100522$$lACC03$$h0047
007991020 CAT   L $$aBATCH$$b90$$c20100807$$lACC03$$h0053
007991020 CAT   L $$aBATCH$$b90$$c20120211$$lACC03$$h0105
007991020 CAT   L $$aBATCH$$b90$$c20120310$$lACC03$$h0056
007991020 CAT   L $$aBATCH$$b90$$c20121222$$lACC03$$h0040
007991020 CAT   L $$aBATCH$$b90$$c20140222$$lACC03$$h0048
007991020 CAT   L $$aBATCH-UPD$$b90$$c20140222$$lACC01$$h0126
007991020 CAT   L $$aZDB$$b20$$c20140908$$lACC01$$h1610
007991020 CAT   L $$aUBWSBE$$b20$$c20140908$$lACC01$$h1610
007991020 CAT   L $$aOAWMUS$$b20$$c20160511$$lACC01$$h1433
007991020 CAT   L $$aOAWMUS$$b20$$c20160520$$lACC01$$h0738
007991020 CAT   L $$aRDAKAT$$b90$$c20160520$$lACC01$$h0746
007991020 CAT   L $$aRDAKAT$$b90$$c20160520$$lACC01$$h1035
007991020 CAT   L $$aRDAKAT$$b90$$c20160520$$lACC01$$h1046
007991020 CAT   L $$aRDAKAT$$b90$$c20170118$$lACC01$$h1420
007991020 CAT   L $$aBATCH-UPD$$b90$$c20170703$$lACC01$$h0418
