012229788 LDR   L 00000nas#a2200000#c#4500
012229788 001   L AC12374813
012229788 003   L AT-OBV
012229788 005   L 20170711092700.0
012229788 007   L tu
012229788 008   L 150706|20149999gw##|#m#######|####|ger#u
012229788 009   L AC12374813
012229788 015   L $$a14,A45$$2dnb
012229788 0167  L $$a1059797046$$2DE-101b
012229788 0167  L $$aZDB-2796834-0$$2DE-600
012229788 035   L $$a(DE-600)ZDB-2796834-0
012229788 035   L $$a(DE-599)ZDB2796834-0
012229788 040   L $$aONB$$bger$$cDNB$$dRDA$$erda
012229788 041   L $$ager
012229788 044   L $$cXA-DE
012229788 084   L $$a000$$a380$$a070$$qDE-101$$2sdnb
012229788 24500 L $$aReihe Geisteswissenschaften
012229788 24630 L $$aBeispiel 3.06 | Monografische Reihe (RDA 2.13 und D-A-CH AWR für 2.13) | Schriftenreihe | Fortlaufende Ressource | Art des Inhalts (D-A-CH AWR für 7.2.1.3) | Zählung (RDA 2.6 und D-A-CH AWR für 2.6) | Erscheinungsjahr (RDA 2.8.6.5) | Erscheinungsfrequenz (RDA 2.14) | Veröffentlichungsangabe (RDA 2.8.1.5.2) Latest Prinzip (D-A-CH AWR für 2.8.1.5.2)
012229788 26431 L $$aStuttgart$$bConvensis Publishing$$cMärz 2014-
012229788 300   L $$aBände$$c21 cm
012229788 336   L $$btxt
012229788 337   L $$bn
012229788 338   L $$bnc
012229788 3620  L $$aBand 1-
012229788 500   L $$aErscheint unregelmäßig
012229788 655 7 L $$aMonografische Reihe$$0(DE-588)4179998-7$$2gnd-content
012229788 8564  L $$uhttps://wiki.dnb.de/download/attachments/106041499/Modul_3_06_T.pdf?version=3&modificationDate=1437482405000&api=v2$$zVorlage
012229788 9700  L $$aRDA-Beispiel
012229788 9701  L $$c01
012229788 9740s L $$F030$$Aa||dr||||||37
012229788 9740s L $$F050$$Aa|a|||||||||||
012229788 9740s L $$F052$$Ar||||||az||||||
012229788 CAT   L $$aONBSIK$$b20$$c20150706$$lACC01$$h1117
012229788 CAT   L $$aOAWMUS$$b20$$c20170505$$lACC01$$h0907
012229788 CAT   L $$aRDAKAT$$b90$$c20170707$$lACC01$$h0918
012229788 CAT   L $$aRDAKAT$$b90$$c20170707$$lACC01$$h0939
012229788 CAT   L $$aRDAKAT$$b90$$c20170707$$lACC01$$h0948
012229788 CAT   L $$aRDAKAT$$b90$$c20170711$$lACC01$$h0927
