000962543 LDR   L 00000nas#a2200000zc#4500
000962543 001   L AC01247395
000962543 003   L AT-OBV
000962543 005   L 20170825012200.0
000962543 007   L tu
000962543 008   L 950922|19959999gw##|#m#######|####|ger#u
000962543 009   L AC01247395
000962543 0167  L $$aZDB-456107-7$$2DE-600
000962543 035   L $$a(DE-600)ZDB-456107-7
000962543 035   L $$a(DE-599)OBVAC01247395
000962543 040   L $$aUBS$$bger$$dRDA$$erda
000962543 041   L $$ager
000962543 044   L $$cXA-DE
000962543 084   L $$a335$$qDE-600$$2sdnb
000962543 24500 L $$aSchriften des Hannah-Arendt-Instituts für Totalitarismusforschung
000962543 24633 L $$aQuellen und Forschungen zur friedlichen Revolution in Sachsen
000962543 24630 L $$aBeispiel 3.35 | monografische Reihe | herausgebendes Organ | abweichender Titel
000962543 26431 L $$aGöttingen$$bVandenhoeck & Ruprecht$$c2004-
000962543 264 1 L $$aWeimar$$aKöln$$aWien$$bBöhlau$$c1995-2003
000962543 336   L $$btxt
000962543 337   L $$bn
000962543 338   L $$bnc
000962543 3620  L $$aBand 1-
000962543 500   L $$aZusatz anfangs: Quellen und Forschungen zur friedlichen Revolution in Sachsen
000962543 655 7 L $$aMonografische Reihe$$0(DE-588)4179998-7$$2gnd-content
000962543 68900 L $$aTotalitarismus$$Ds$$0(DE-588)4060491-3
000962543 6890  L $$5AT-OBV$$5UBI
000962543 7102  L $$aHannah-Arendt-Institut für Totalitarismusforschung$$0(DE-588)5101494-4$$4isb
000962543 8564  L $$uhttps://wiki.dnb.de/download/attachments/106041499/Modul_3_35_T.pdf?version=1&modificationDate=1448022722000&api=v2$$zVorlage
000962543 9700  L $$aRDA-Beispiel
000962543 9700  L $$aZR-2001-02-07
000962543 9701  L $$c54
000962543 9740s L $$F030$$Az|1drr|||||37
000962543 9740s L $$F050$$Aa|a|||||||||||
000962543 9740s L $$F052$$Ar||||||az||||||
000962543 CAT   L $$aBATCH$$b20$$c19981218$$lACC01$$h2349
000962543 CAT   L $$aUBGAWA$$b20$$c19991202$$lACC01$$h1229
000962543 CAT   L $$aWUWW09$$b20$$c20010207$$lACC01$$h1438
000962543 CAT   L $$aUBLEFI$$b20$$c20010215$$lACC01$$h1123
000962543 CAT   L $$aUBSRS.$$b20$$c20031017$$lACC01$$h1109
000962543 CAT   L $$aBATCH-UPD$$b20$$c20051008$$lACC01$$h0004
000962543 CAT   L $$aBATCH$$b20$$c20071108$$lACC01$$h2015
000962543 CAT   L $$aBATCH-UPD$$b20$$c20080126$$lACC01$$h0144
000962543 CAT   L $$aUBWE10$$b20$$c20080820$$lACC01$$h1251
000962543 CAT   L $$aBATCH-UPD$$b20$$c20120511$$lACC01$$h2126
000962543 CAT   L $$aUBIFIE$$b20$$c20130827$$lACC01$$h0907
000962543 CAT   L $$aUBWLAR$$b20$$c20140123$$lACC01$$h1022
000962543 CAT   L $$aUBWLAR$$b20$$c20140127$$lACC01$$h1045
000962543 CAT   L $$aRDAKAT$$b90$$c20160706$$lACC01$$h1631
000962543 CAT   L $$aRDAKAT$$b90$$c20160706$$lACC01$$h1632
000962543 CAT   L $$aRDAKAT$$b90$$c20160707$$lACC01$$h1633
000962543 CAT   L $$aRDAKAT$$b90$$c20160707$$lACC01$$h1634
000962543 CAT   L $$aRDAKAT$$b90$$c20161215$$lACC01$$h1616
000962543 CAT   L $$aRDAKAT$$b90$$c20170602$$lACC01$$h1359
000962543 CAT   L $$aBATCH-UPD$$b90$$c20170624$$lACC01$$h1612
000962543 CAT   L $$aRDAKAT$$b90$$c20170808$$lACC01$$h1219
000962543 CAT   L $$aBATCH-UPD$$b90$$c20170821$$lACC01$$h1753
000962543 CAT   L $$aBATCH-UPD$$b90$$c20170822$$lACC01$$h2253
000962543 CAT   L $$aBATCH-UPD$$b90$$c20170825$$lACC01$$h0122
