000379610 LDR   L 00000nas#a2200000#c#4500
000379610 001   L AC00282596
000379610 003   L AT-OBV
000379610 005   L 20170822230100.0
000379610 007   L tu
000379610 008   L 910805|19899999gw##|#m#######|####|ger#u
000379610 009   L AC00282596
000379610 0167  L $$aZDB-1199011-9$$2DE-600
000379610 035   L $$a(DE-600)ZDB-1199011-9
000379610 035   L $$a(DE-599)OBVAC00282596
000379610 040   L $$aUBS$$bger$$dRDA$$erda
000379610 041   L $$ager
000379610 044   L $$cXA-DE
000379610 084   L $$a600$$qDE-600$$2sdnb
000379610 090   L $$nse
000379610 24500 L $$aTheorie und Forschung$$n[...]$$pRechtswissenschaften
000379610 24630 L $$aBeispiel 3.41 | Monografische Reihe - Schriftenreihe | Untergliederung | Unterreihe (D-A-CH AWR 2.3.1.7)
000379610 26431 L $$aRegensburg$$bS. Roderer Verlag$$c1989-
000379610 336   L $$btxt
000379610 337   L $$bn
000379610 338   L $$bnc
000379610 3620  L $$aBd. 1-
000379610 655 7 L $$aMonografische Reihe$$0(DE-588)4179998-7$$2gnd-content
000379610 68900 L $$aRechtswissenschaft$$Ds$$0(DE-588)4076570-2
000379610 6890  L $$5AT-OBV$$5UBI
000379610 9700  L $$aRDA-Beispiel
000379610 9701  L $$c08
000379610 9740s L $$F030$$Aa|1urr|||||37
000379610 9740s L $$F050$$Aa|a|||||||||||
000379610 9740s L $$F052$$Arse||||az||||||
000379610 CAT   L $$aBATCH$$b20$$c19981218$$lACC01$$h2145
000379610 CAT   L $$aWUWW09$$b20$$c20011102$$lACC01$$h1036
000379610 CAT   L $$aWUWW09$$b20$$c20011102$$lACC01$$h1040
000379610 CAT   L $$aONBCEN$$b20$$c20030312$$lACC01$$h0840
000379610 CAT   L $$aUBIHAU$$b20$$c20040809$$lACC01$$h1347
000379610 CAT   L $$aBATCH$$b20$$c20071108$$lACC01$$h1935
000379610 CAT   L $$aBATCH-UPD$$b20$$c20120511$$lACC01$$h2059
000379610 CAT   L $$aOAWMUS$$b20$$c20160511$$lACC01$$h1453
000379610 CAT   L $$aRDAKAT$$b90$$c20160520$$lACC01$$h0656
000379610 CAT   L $$aRDAKAT$$b90$$c20160520$$lACC01$$h0708
000379610 CAT   L $$aRDAKAT$$b90$$c20160520$$lACC01$$h0711
000379610 CAT   L $$aRDAKAT$$b90$$c20160520$$lACC01$$h1111
000379610 CAT   L $$aRDAKAT$$b90$$c20160520$$lACC01$$h1117
000379610 CAT   L $$aRDAKAT$$b90$$c20161213$$lACC01$$h1329
000379610 CAT   L $$aBATCH-UPD$$b90$$c20170624$$lACC01$$h1312
000379610 CAT   L $$aBATCH-UPD$$b90$$c20170821$$lACC01$$h1732
000379610 CAT   L $$aBATCH-UPD$$b90$$c20170822$$lACC01$$h2301
